2528 4186
438 353 534 405 190
819 391 822 394 -
1115 362 1705 419 SanctiHieronymi

434 524 681 588 cogentur
702 516 868 571 stulta
894 516 1250 585 disputatione
1280 518 1536 587 suscipere
1562 517 1796 572 meliores
1825 527 1933 572 esse
1961 527 2165 574 nostras
2193 521 2393 574 animas

433 599 608 652 anima
631 597 922 662 saluatoris,
952 598 1079 651 dum
1104 597 1193 650 illa
1217 599 1496 667 prudentia
1522 599 1689 653 carnis
1716 599 1987 666 adseritur,
2017 617 2149 670 quae
2174 617 2315 655 mors
2341 606 2395 655 et

377 697 400 732 3
436 680 645 734 inimica
677 685 755 737 est
787 679 886 744 dei,
921 685 1102 733 nostra
1133 685 1311 733 autem
1341 681 1475 734 mori
1505 698 1610 734 non
1642 686 1834 750 potest.
1889 682 2028 750 quod
2059 698 2394 753 nequaquam

430 762 508 816 ita
527 761 929 831 intellegendum
952 766 1045 825 est,
1069 761 1258 814 fratres
1280 761 1545 827 carissimi,
1571 779 1689 816 cum
1712 762 1872 816 etiam
1892 763 2172 832 prudentia
2192 764 2394 818 animae

432 861 537 897 non
565 842 730 912 possit
759 843 936 896 anima
963 842 1253 912 nuncupari
1282 848 1336 896 et
1362 843 1529 900 multo
1559 844 1694 900 inter
1723 860 1775 897 se
1805 843 2069 898 differant.
2105 844 2226 898 licet
2255 844 2392 898 enim
2423 861 2446 896 5

429 925 707 994 prudentia
724 923 926 978 animae
946 924 998 976 in
1017 941 1078 977 ea
1095 923 1180 988 sit,
1202 924 1347 978 cuius
1363 925 1642 995 prudentia
1660 931 1755 990 est,
1775 931 1954 979 tamen
1972 925 2196 980 alterum
2211 926 2390 991 habet,

428 1007 652 1060 alterum
667 1005 891 1058 habetur
909 1010 961 1057 et
976 1006 1119 1074 prius
1136 1005 1311 1059 anima
1327 1012 1421 1071 est,
1441 1023 1658 1076 sequens
1674 1012 1913 1062 uersatur
1929 1007 1983 1060 in
1999 1007 2188 1061 anima.
2210 1007 2395 1078 quodsi

430 1088 708 1157 prudentia
744 1087 946 1140 animae
984 1102 1088 1140 non
1126 1092 1206 1141 est
1242 1087 1431 1153 anima,
1473 1094 1670 1157 quanto
1706 1087 1872 1158 magis
1909 1088 2076 1143 carnis
2112 1089 2392 1158 prudentia

377 1185 400 1221 4
436 1169 610 1222 anima
638 1186 742 1222 non
771 1174 947 1237 potest
977 1168 1252 1237 appellari!
1307 1170 1530 1223 tendant
1561 1169 1948 1238 quantumlibet
1976 1169 2392 1241 syllogismorum

428 1268 638 1304 suorum
675 1251 808 1303 retia
847 1256 900 1303 et
938 1250 1318 1319 sophismatum
1356 1250 1617 1321 decipulas
1657 1257 2006 1321 proponentes
2043 1269 2096 1306 se
2135 1252 2274 1321 ipsos
2313 1252 2388 1306 in·
2424 1266 2477 1304 ιο
2518 1286 2520 1293 ·

427 1337 642 1386 nectant
661 1331 858 1400 laqueis
877 1349 940 1385 ne
960 1331 1014 1384 id
1036 1331 1245 1400 quidem
1265 1332 1499 1398 scienteS,
1522 1333 1666 1389 cuius
1685 1349 1826 1386 uana
1853 1331 2070 1387 scientia
2085 1333 2386 1404 gloriantur,

428 1420 481 1467 et
501 1414 705 1466 discant
724 1432 757 1467 a
776 1413 941 1478 nobiS,
978 1430 1107 1483 quos
1126 1414 1342 1484 ingratis
1375 1420 1568 1484 cogunt
1586 1414 1798 1468 huiusce
1818 1414 1962 1467 modi
1982 1414 2392 1484 disputationem

427 1496 712 1559 adsumere,
748 1494 890 1549 aliud
924 1512 1049 1560 esse,
1087 1497 1226 1564 quod
1261 1494 1414 1565 sapit,
1450 1495 1592 1550 aliud
1626 1496 1953 1565 sapientiam,
1990 1496 2131 1549 aliud
2167 1512 2388 1566 quoque,

428 1577 566 1645 quod
601 1576 819 1646 sapitur,
860 1582 914 1630 et
947 1577 1076 1630 haec
1111 1595 1216 1631 non
1251 1577 1419 1631 solum
1454 1577 1627 1632 uerbis
1661 1578 1796 1631 inter
1831 1594 1900 1642 se,
1939 1578 2029 1632 sed
2066 1583 2119 1631 et
2154 1577 2386 1631 sensibus

370 1674 392 1709 5
429 1658 734 1727 discrepare.
773 1675 905 1727 quae
939 1659 1264 1729 enimsapit‚
1299 1658 1570 1714 rationalis
1605 1665 1684 1713 est
1718 1659 1917 1723 anima3
1951 1676 2120 1729 porr0‚
2159 1675 2291 1730 quae
2323 1676 2389 1712 ex
2423 1674 2479 1721 15.

425 1740 537 1809 ipsa
561 1746 640 1794 est
664 1746 717 1792 et
740 1740 900 1809 ipsius
925 1746 978 1793 et
1001 1758 1107 1794 non
1129 1741 1258 1811 ipsa,
1288 1757 1419 1809 quae
1444 1741 1597 1810 sapit,
1625 1740 1918 1811 appellatur
1941 1740 2220 1810 sapientia3
2249 1741 2389 1809 quod

425 1821 601 1875 autem
637 1821 852 1890 sapitur,
888 1839 970 1875 res
1006 1827 1101 1887 est,
1141 1839 1299 1892 quam
1332 1822 1559 1891 respicit,
1595 1839 1759 1892 eaque
1793 1822 2021 1893 gignitur
2055 1840 2120 1876 ex
2154 1822 2388 1892 sapiente

425 1903 680 1973 sapientia
698 1909 751 1956 et
775 1921 879 1957 non
898 1904 1102 1973 sapiens
1120 1905 1228 1974 ipse
1246 1920 1341 1957 nec
1366 1903 1480 1973 ipsa
1503 1904 1774 1973 sapientia.
1809 1905 2128 1972 tandemque
2146 1903 2388 1958 desinant

422 1984 725 2038 dialecticae
755 1984 882 2040 artis
918 1986 1145 2055 strophis
1181 1984 1435 2054 simplicia
1469 1985 1842 2041 ecclesiasticae
1875 1985 2000 2039 fidei
2032 1985 2243 2042 decreta
2274 2001 2387 2054 per-

422 2071 638 2131 uertere,
666 2072 727 2120 ut
763 2067 993 2120 animam
1029 2067 1302 2121 saluatoris
1332 2067 1664 2138 prudentiam
1702 2067 1868 2121 carnis
1906 2067 2186 2137 appellent,
2227 2083 2386 2136 quam
2418 2083 2472 2119 20
2518 2138 2519 2141 Ἴ

423 2148 687 2216 apostolus
721 2154 947 2205 mortem
984 2155 1038 2202 et
1071 2149 1335 2202 inimicam
1372 2149 1565 2203 adserit
1597 2149 1697 2203 dei.

553 2231 599 2283 6.
646 2229 745 2283 Sed
784 2235 838 2283 et
872 2231 973 2283 hoc
1009 2231 1164 2284 modo
1202 2231 1352 2287 nobis
1391 2236 1575 2284 contra
1610 2230 1723 2288 illos
1761 2230 2117 2288 disserendum
2150 2231 2382 2284 uidetur:

423 2311 1159 2380 scriptumestdeuerbodei:
1202 2312 1450 2366 omnia
1484 2330 1611 2383 per
1648 2312 1893 2382 ipsum
1929 2312 2146 2366 facta
2181 2317 2381 2376 sunt;

422 2410 547 2446 num
582 2392 821 2447 credibile
857 2399 936 2448 est
969 2400 1021 2448 et
1051 2394 1361 2463 sapientiam
1395 2394 1479 2447 uel
1510 2394 1844 2464 prudentiam
1871 2393 2055 2459 carnis,
2106 2410 2264 2463 quam
2309 2393 2385 2446 illi

421 2474 650 2528 animam
681 2475 953 2533 saluatoris
986 2475 1309 2546 intellegunt,
1345 2493 1376 2528 a
1403 2476 1562 2529 uerbo
1594 2476 1678 2530 dei
1709 2474 1988 2540 conditam,
2022 2480 2084 2530 ut
2113 2474 2296 2530 mortis
2327 2480 2382 2528 et
2414 2489 2466 2527 25

423 2555 720 2610 inimicitiae
757 2563 944 2612 contra
967 2557 1124 2611 deum
1157 2558 1266 2627 ipse
1302 2563 1543 2628 operator
1577 2557 1849 2613 exsisteret
1882 2556 2082 2626 sibique
2116 2573 2218 2622 eas,
2243 2557 2383 2627 quod

421 2637 564 2690 dictu
596 2637 740 2692 nefas
774 2645 868 2704 est,
907 2638 1209 2709 copularet?
1246 2639 1386 2709 quod
1406 2639 1451 2694 si
1481 2639 1737 2694 nefarium
1770 2644 1850 2692 est
1883 2639 2086 2692 credere
2119 2643 2174 2692 et
2207 2639 2382 2693 anima

422 2718 695 2772 saluatoris
729 2721 927 2774 cunctis
959 2721 1245 2775 uirtutibus
1277 2720 1454 2790 pollet,
1489 2738 1606 2790 ergo
1639 2720 1918 2789 prudentia
1950 2719 2115 2775 carnis
2146 2737 2252 2775 non
2283 2719 2383 2774 erit

422 2801 594 2854 anima
616 2802 738 2866 eius,
763 2817 827 2854 ne
850 2803 957 2870 ipse
980 2808 1204 2856 mortem
1226 2807 1280 2855 et
1302 2801 1627 2856 inimicitiam
1650 2807 1834 2858 contra
1854 2801 2011 2856 deum
2033 2801 2132 2857 sibi
2151 2802 2379 2856 iunxisse

364 2896 384 2932 2
423 2882 676 2936 credatur.
713 2890 913 2937 cessent
938 2884 1249 2953 Apollinaris
1274 2883 1512 2953 discipuli
1537 2901 1611 2948 ea,
1641 2901 1773 2953 quae
1799 2890 1983 2938 contra
2006 2882 2376 2938 ecclesiasticas
2409 2898 2463 2936 3⁰
2495 2876 2499 2877 ⁷

527 3075 551 3117 2
575 3075 628 3119 cf.
650 3076 777 3120 Rom.
803 3078 841 3129 8,
864 3076 903 3122 6.
927 3078 951 3121 ’ἶ
1115 3078 1164 3120 21
1191 3077 1245 3121 cf.
1269 3077 1398 3121 Rom.
1422 3078 1460 3130 8,
1482 3076 1521 3121 6.
1546 3079 1569 3121 7
1722 3077 1775 3120 23
1798 3076 1898 3122 Ioh.
1923 3077 1963 3130 1,
1982 3078 2008 3121 3
2159 3075 2225 3121 25.
2249 3076 2303 3121 29
2323 3076 2375 3121 cf.

416 3149 541 3193 Rom.
565 3150 604 3201 8,
628 3149 666 3194 6.
689 3152 712 3195 7

526 3312 547 3353 1
569 3312 710 3356 stulta
728 3326 808 3357 sua
828 3327 853 3367 ς
965 3315 992 3357 4
1011 3311 1077 3356 ita
1097 3327 1175 3356 o‘m.
1195 3313 1236 3357 U
1342 3316 1408 3356 est
1429 3327 1507 3357 om.
1527 3314 1565 3356 T
1668 3314 1694 3358 6
1714 3314 1850 3358 habet
1869 3317 1912 3358 et
1934 3314 1974 3358 V
2079 3315 2105 3358 ’7
2123 3327 2189 3370 pr.
2210 3312 2377 3370 anima]

415 3384 559 3427 anime
581 3387 620 3429 U
753 3388 805 3430 12
826 3387 963 3444 gratis
980 3387 1060 3431 TV
1191 3388 1244 3431 13
1262 3386 1385 3431 aliud
1407 3399 1501 3445 sap.
1524 3402 1603 3432 om.
1623 3387 1663 3431 U
1786 3388 2004 3445 sapientia
2025 3402 2049 3442 ς
2163 3389 2215 3433 14
2236 3388 2319 3432 hoc
2337 3388 2377 3432 U

419 3458 467 3499 15
488 3459 605 3514 sapit
626 3474 703 3504 om.
724 3462 761 3503 T
828 3460 1103 3506 rationabilis
1122 3461 1159 3504 Τ
1217 3462 1269 3506 18
1290 3475 1378 3505 non
1399 3474 1476 3506 cm.
1499 3463 1539 3506 U
1606 3474 1693 3519 que
1712 3463 1861 3507 eras.T
1928 3462 1982 3506 19
1999 3462 2093 3519 st(h
2109 3461 2273 3518 U)rofis
2293 3459 2377 3506 UV

417 3532 468 3572 22
489 3532 696 3577 aduersus
716 3536 755 3579 U
868 3536 921 3579 24
943 3538 986 3578 et
1006 3535 1135 3580 om.U
1242 3535 1293 3579 27
1317 3535 1535 3593 copularit
1552 3536 1681 3580 Ta.c.
1702 3535 1902 3592 copulari
1921 3551 1945 3591 ς
2055 3536 2108 3579 29
2127 3535 2210 3580 sibi
2226 3534 2375 3592 iunx.]

415 3618 461 3647 su
470 3605 617 3649 biunx.
637 3608 673 3649 T
785 3610 838 3652 30
858 3609 1017 3666 appoll.
1038 3611 1078 3654 U
