2528 4186
61 857 88 893 ὃ

806 359 1087 417 Epistula
1118 359 1250 404 XCII
1284 362 1394 404 1—2
1984 345 2080 397 149

116 521 431 586 conparatus
470 520 603 568 esset
637 515 833 568 ueritas
866 519 919 567 et
949 514 1087 583 patri
1122 513 1356 567 conlatus
1388 515 1733 578 mendacium,
1769 519 1820 566 et
1851 530 2079 566 rursum:

125 602 492 667 quantum
541 596 828 649 differt
877 595 1160 648 Paulus
1210 600 1281 647 et
1330 595 1606 647 Petrus
1657 595 2076 656 saluatore‚

123 684 349 732 tanto
383 677 1015 731 saluatorminor
1047 681 1162 729 est
1196 681 1434 745 patre,
1467 675 2082 730 etiteruthhristi

120 774 426 829 regnum
484 759 825 811 finietur
882 757 1325 826 aliquandO,
1387 756 1711 809 zabulus
1771 757 2079 810 cunctis

119 845 616 910 peccatorum
660 838 1024 892 sordibus
1070 838 1466 891 liberatus
1512 854 1750 906 aequo
1795 838 2081 890 honore

123 921 636 974 decorabitur
694 924 765 972 et
825 935 979 972 cum
1040 919 1351 972 Christo
1412 918 1873 983 subicietur,
1937 918 2083 970 etin

125 1002 224 1055 alio
257 1002 404 1066 libro,
442 1001 532 1070 qui
567 1001 646 1054 ‘de
681 999 930 1054 oratione‘
965 1000 1227 1053 scribitur:
1264 1017 1405 1053 non
1456 1000 1813 1053 debemus
1867 1014 2084 1052 orare

124 1082 398 1147 filium,
473 1083 599 1135 sed
689 1081 930 1157 solum
992 1086 1312 1150 patrem,
1370 1097 1500 1133 nec
1559 1085 1857 1150 patrem
1929 1075 2085 1133 cum

95 1163 147 1216 ¹f
164 1163 321 1227 ili0‚
380 1157 738 1217 obturauimus
791 1180 937 1216 aures
985 1168 1188 1215 nostras
1236 1168 1288 1215 et
1334 1167 1447 1215 tam
1484 1162 1758 1231 Origenem
1807 1178 1964 1231 quam
2011 1161 2086 1213 di-

39 1259 92 1298 10

0 1664 94 1726 Ξ15

46 2071 100 2111 20

7 2478 104 2515 ‘25

127 1245 347 1314 scipulos
378 1244 484 1298 eius
514 1261 739 1298 consona
766 1261 892 1297 uoce
922 1244 1302 1308 damnauimuS‚
1332 1260 1397 1296 ne
1419 1249 1471 1296 et
1490 1243 1753 1297 modicum
1773 1244 2086 1296 fermentum

126 1332 297 1379 totam
338 1342 564 1379 massam
608 1331 993 1394 corrumperet-
1039 1326 1163 1394 quid
1206 1326 1389 1394 loquar
1430 1325 1494 1377 de
1537 1325 1906 1377 resurrectione
1948 1340 2083 1396 mor·
2117 1337 2140 1375 2

128 1413 355 1472 tuorum,
395 1407 451 1459 in
491 1424 595 1476 qua
638 1407 904 1476 perspicue
943 1406 1220 1460 blasfemat
1271 1411 1322 1459 et
1373 1405 1514 1471 dicit,
1558 1407 1698 1476 quod
1736 1411 1856 1475 post
1893 1405 2086 1458 multos

127 1488 447 1541 saeculorum
474 1504 705 1541 recursus
734 1505 948 1557 corpora
974 1494 1153 1541 nostra
1178 1487 1434 1558 paulatim
1461 1488 1762 1557 redigantur
1786 1487 1841 1540 in
1868 1487 2087 1540 nihilum

129 1572 181 1622 et
214 1570 268 1621 in
303 1586 484 1623 auram
517 1575 729 1622 tenuem
763 1569 1128 1633 dissoluantur,
1166 1587 1241 1634 ac,
1279 1585 1342 1621 ne
1377 1584 1599 1638 paruum
1633 1569 1731 1621 hoc
1765 1574 2084 1638 putaremuS,

129 1650 340 1703 adiecit:
417 1666 830 1719 resurgens
907 1666 1184 1719 corpus
1259 1667 1400 1702 non
1474 1650 1717 1704 solum
1792 1666 2089 1718 corrup-

129 1731 366 1784 tibile
417 1732 543 1784 sed
593 1731 922 1784 mortale
975 1732 1141 1796 erit,
1188 1737 1248 1784 ut
1302 1731 1496 1784 scilicet
1529 1731 1768 1785 dominus
1801 1737 1959 1800 atque
1991 1730 2090 1783 sal-

130 1817 284 1866 uator
326 1812 519 1866 frustra
552 1812 866 1865 destruxerit
903 1811 1160 1877 zabulum,
1199 1812 1288 1881 qui
1320 1813 1502 1865 mortis
1535 1812 1765 1866 habebat
1798 1813 2087 1881 imperium,
2134 1810 2136 1812 ’

131 1894 385 1962 siquidem
420 1899 472 1947 et
506 1899 625 1963 post
660 1894 1083 1947 resurrectionem
1120 1887 1379 1962 corruptio
1427 1899 1479 1946 et
1523 1894 1814 1947 mortalitas
1860 1894 1915 1947 in
1959 1893 2091 1946 nihi-

132 1976 240 2028 lum
276 1974 513 2028 resolutis
549 1967 848 2044 corporibus
885 1976 1186 2028 dominatur
1220 1974 1502 2028 humanis?
1553 1976 1617 2028 de
1655 1975 1846 2044 angelis
1885 1991 2090 2044 quoque

131 2057 405 2110 temeraria
435 2056 610 2125 aliqua
640 2056 909 2120 confinxit,
942 2062 1002 2110 ut
1034 2062 1222 2109 cuncta
1250 2057 1305 2109 in
1337 2056 1475 2109 caelo
1506 2057 1794 2109 ministeria
1822 2056 2101 2109 seruitutis¹

133 2138 216 2191 dei
250 2154 354 2190 non
388 2137 493 2191 sint
526 2138 582 2190 in
617 2137 756 2191 caelo
793 2142 982 2202 creata,
1019 2139 1109 2191 sed
1145 2138 1357 2191 diuersis
1394 2138 1624 2207 lapsibus
1662 2143 1714 2190 et
1749 2137 1908 2190 ruinis
1945 2138 2092 2190 uaria

136 2219 426 2272 officiorum
480 2218 651 2272 sortiti
705 2219 810 2272 sint
864 2219 1091 2284 nomina,
1149 2236 1431 2288 causasque
1486 2223 1685 2271 ueteres
1740 2219 2088 2287 praecessisse,

136 2301 322 2369 quibus
346 2300 601 2353 creuerint
624 2300 707 2352 uel
730 2301 1065 2353 decreuerint.
1093 2306 1146 2353 et
1169 2301 1305 2353 inter
1315 2301 1442 2353 haec
1457 2300 1605 2369 quasi
1630 2299 1818 2352 doloris
1832 2300 2090 2368 inpatiens
2126 2313 2151 2348 3

136 2381 392 2434 clamante
442 2381 658 2450 populo:
711 2397 876 2450 quae
926 2398 1185 2435 sursum
1237 2386 1336 2434 est
1387 2381 1825 2446 Hierusalem,
1878 2380 2094 2433 libera

141 2480 167 2515 e
180 2479 202 2515 s
215 2468 240 2515 t
273 2462 401 2515 nihil
419 2462 473 2515 in
495 2479 555 2516 ea
574 2479 778 2532 purum,
793 2463 921 2515 nihil
942 2481 973 2515 a
992 2463 1132 2516 uitiis
1153 2463 1372 2516 liberum
1394 2460 1449 2515 et*
1465 2467 1717 2532 perpetua
1737 2479 1972 2515 securum
1993 2463 2094 2515 uir-

137 2549 253 2596 tute
285 2544 568 2597 contendit.
621 2560 726 2597 non
757 2545 907 2597 stetit
937 2545 1188 2597 hactenus
1220 2545 1439 2613 profana
1470 2545 1533 2597 de
1566 2544 1757 2612 angelis
1789 2543 2094 2612 disputatio,

138 2626 227 2678 sed
253 2625 526 2693 proficiens
552 2625 607 2678 in
633 2625 842 2678 scelere:
889 2625 998 2678 sic
1018 2643 1052 2678 u
1072 2630 1097 2678 t
1142 2627 1176 2678 d
1198 2643 1229 2678 a
1250 2642 1275 2678 e
1295 2643 1348 2678 m
1371 2642 1399 2678 o
1421 2643 1455 2678 n
1477 2642 1503 2678 e
1524 2642 1563 2690 S,
1590 2625 1778 2694 inquit,
1826 2625 1952 2678 nid
1973 2642 2002 2678 ο
2023 2642 2049 2677 r
2068 2642 2097 2677 e

137 2706 572 2759 hostiarum
623 2707 1071 2759 assidentes
1141 2707 1294 2760 aris
1363 2706 1781 2776 gentilium
1848 2714 2099 2775 pasce⁴

139 2787 438 2851 bantur,
504 2787 618 2840 ita
683 2792 753 2840 et
818 2787 1077 2857 angeli
1141 2788 1516 2857 sanguine
1581 2788 2096 2851 uictimarum,

257 2950 282 2992 2
303 2948 419 3005 Orig.
442 2948 558 3004 περὶ
579 2950 740 3003 ἀρχῶν
765 2949 786 2992 Ι
806 2949 960 3005 fragm.-
1091 2951 1118 2994 3
1142 2948 1257 3006 Orig.
1280 2948 1396 3004 περὶ
1418 2950 1579 3003 ἀρχῶν
1601 2949 1621 2992 Ι
1642 2950 1798 3005 fragm.
1930 2951 1953 2992 7
1975 2947 2092 3004 Orig.

147 3021 199 3066 de
220 3022 417 3067 oratione
437 3037 472 3067 c.
495 3022 547 3067 15
566 3021 663 3067 init.
781 3024 834 3068 10
854 3024 909 3068 cf.
936 3022 957 3066 I
976 3023 1070 3068 Cor.
1090 3023 1132 3075 5,
1153 3024 1179 3068 6
1201 3027 1245 3067 et
1267 3023 1364 3067 Gal.
1384 3023 1425 3075 5,
1446 3024 1472 3066 9
1584 3022 1636 3067 15
1658 3023 1773 3079 Orig.
1796 3022 1910 3077 περὶ
1934 3024 2096 3076 ἀρχῶν

51 3090 57 3096 ’
148 3095 170 3139 Ι
190 3095 343 3153 fragm.
459 3099 511 3140 24
536 3097 631 3141 Gal.
653 3099 692 3149 4,
712 3099 765 3141 26
899 3099 949 3141 27
973 3096 1087 3155 Orig.
1110 3097 1225 3152 περὶ
1247 3099 1408 3152 ἀρχῶν
1430 3097 1451 3141 Ι
1469 3097 1625 3154 fragm.

259 3216 282 3259 1
304 3217 418 3257 esset
437 3214 523 3270 (est
542 3218 610 3258 set
628 3211 716 3271 ΜΞ)
736 3229 766 3258 ιι
785 3214 844 3260 sit
865 3213 980 3259 Vall.
1112 3215 1276 3260 ueritas
1298 3219 1342 3259 et
1362 3214 1518 3271 scripsi
1535 3214 1726 3258 ueritate
1746 3228 1775 3257 u
1795 3213 1956 3258 ueritas
1980 3211 2095 3256 Vale.

146 3289 174 3331 2
193 3302 219 3331 a
239 3287 348 3332 salu.
372 3285 486 3332 Vall.
542 3290 569 3332 4
591 3277 708 3332 Ζειᾞε
727 3303 757 3331 u
777 3292 824 3332 et
843 3288 1046 3333 diabolus
1068 3288 1180 3334 Vall.
1249 3289 1275 3333 5
1296 3303 1407 3346 equo
1427 3303 1456 3332 u
1524 3291 1548 3332 7
1571 3287 1847 3331 decoratione
1867 3288 1909 3344 (c
1929 3288 2044 3343 exp.)
2065 3300 2094 3329 u

148 3360 399 3405 inscribitur
423 3361 531 3406 Vall.
645 3363 671 3406 9
692 3362 997 3407 obturabimus
1018 3377 1046 3406 u
1065 3360 1215 3408 a.c.m2
1330 3365 1382 3407 10
1402 3375 1458 3405 ne
1477 3366 1522 3406 et
1541 3361 1697 3417 scripsi
1716 3365 1761 3405 et
1782 3375 1834 3404 ne
1853 3374 1883 3404 u
1903 3374 1958 3404 ne
1978 3358 2096 3404 Vala.

151 3435 204 3478 19
223 3434 422 3479 resolutis
446 3433 560 3480 Vall.
596 3436 801 3480 resolutio
822 3450 852 3479 u
985 3438 1038 3481 20
1060 3436 1277 3480 confinxit
1297 3435 1409 3480 Vall.
1432 3435 1618 3480 confixit
1637 3449 1666 3477 u
1792 3439 1845 3479 ut
1865 3432 1978 3478 Vall.
2002 3439 2046 3477 et
2064 3448 2095 3476 u

153 3510 203 3553 21
226 3512 372 3554 creata
387 3507 500 3553 Vazl.
522 3514 669 3555 creata
687 3499 760 3553 su
890 3511 942 3555 22
966 3510 1056 3554 sint
1075 3510 1234 3566 scripsi
1250 3498 1323 3553 {u
1447 3511 1497 3553 24
1516 3524 1582 3564 pr.
1606 3507 1690 3564 est]
1713 3521 1735 3551 e
1756 3523 1785 3551 u
1915 3496 2043 3551 ihr-lm
2063 3521 2100 3551 u

147 3567 206 3626 ”26
225 3587 405 3626 actenus
427 3597 456 3625 u
475 3584 583 3628 haec
603 3587 731 3628 tenus
754 3581 868 3628 Vall.
985 3586 1038 3629 28
1057 3584 1311 3629 assedentes
1325 3597 1354 3626 u
