2528 4186
421 346 518 400 220
1103 358 1308 404 Sancti
1345 351 1690 418 Hieronymi

2497 418 2519 510 ,Ᾰ-ψς
2497 314 2519 407 A&
2500 243 2511 301 »uo«

415 520 468 567 et
495 514 660 568 dicat:
688 514 1175 585 iniquitates
1201 532 1512 586 magnas
1538 515 1853 568 faciunt
1890 515 2048 581 isti,
2078 521 2157 568 ut
2193 528 2385 570 rece-

359 612 381 647 5
418 596 452 649 d
474 613 505 649 a
523 611 559 650 n
580 601 604 649 t
638 614 670 650 a
703 611 724 649 s
745 613 778 649 a
796 611 831 650 n
853 613 880 649 c
899 602 924 650 t
944 595 1004 654 is
1037 614 1092 650 m
1112 614 1138 650 e
1159 595 1178 649 i
1198 613 1237 651 s.
1262 612 1367 650 non
1387 597 1538 652 decet
1560 596 1849 650 ieiunantes
1874 602 2107 666 tempore
2131 596 2308 667 agonis
2331 602 2387 652 et

414 677 595 747 proelii
621 677 761 732 uesci
786 677 1026 731 carnibus
1051 684 1297 732 monente
1325 679 1607 747 scriptura:
1636 696 1668 731 a
1687 679 1722 735 d
1743 678 1764 729 1
1784 677 1890 746 lig
1912 696 1938 732 e
1961 677 2067 731 tis
2093 695 2126 731 a
2144 693 2180 731 n
2199 677 2290 733 im
2309 695 2343 732 a
2361 696 2386 732 s

415 776 451 812 u
471 777 498 813 e
519 776 541 813 s
562 764 588 814 t
605 776 631 812 r
651 776 684 812 a
703 777 725 812 s
751 775 918 829 neque
942 760 1153 814 Fasides
1175 776 1297 813 aues
1319 759 1538 813 sollicito
1560 758 1735 813 labore
1756 760 2051 829 perquirere
2077 764 2131 812 et
2154 759 2385 829 garrulas
2516 827 2519 829 ι

415 839 651 895 uolucres
671 858 951 911 earumque
969 842 1340 912 pinguedinem
1356 840 1527 894 hianti
1545 842 1772 911 ingerere
1791 840 1942 910 gulae
1960 855 2055 894 nec
2073 841 2385 911 inuestigare
2417 856 2440 894 ⁵
2504 850 2521 859 ·’

414 922 594 992 magni
627 922 783 992 pretii
818 939 980 987 cocos,
1021 922 1109 992 qui
1142 922 1338 976 uentris
1371 922 1572 976 rabiem
1605 924 1714 976 iure
1746 921 2024 992 multiplici
2058 928 2112 976 et
2145 922 2384 977 carnibus
2497 916 2521 922 ”

414 1005 717 1058 contusione
738 1004 960 1058 mutatis
984 1005 1293 1075 diuersoque
1316 1004 1549 1058 ciborum
1574 1021 1756 1074 sapore
1781 1004 2113 1058 demulceant
2134 1004 2385 1058 fumanti-

414 1086 511 1139 bus
543 1085 736 1155 patinis
770 1092 824 1139 et
854 1086 1032 1140 nidore
1066 1086 1144 1139 sui
1174 1085 1337 1139 furori
1367 1086 1593 1155 gutturis
1627 1085 2032 1151 blandientibuS,
2077 1103 2196 1140 cum
2226 1086 2280 1139 in
2311 1086 2388 1140 in-

415 1168 602 1221 iuriam
633 1168 982 1220 continentiae
1012 1167 1202 1220 diuersi
1232 1167 1429 1236 saporis
1460 1172 1514 1220 et
1544 1167 1725 1220 coloris
1756 1167 1881 1221 uina
1912 1172 2249 1236 quaeruntur.

547 1250 594 1302 7.
619 1247 789 1304 Docet
811 1264 904 1302 nos
930 1248 1098 1302 sancti
1121 1248 1388 1305 Danihelis
1411 1248 1629 1302 historia
1652 1254 1705 1305 et
1728 1249 1891 1302 trium
1914 1266 2192 1318 puerorum
2217 1248 2385 1307 uirtus
2420 1263 2474 1303 ιο
2519 1269 2521 1272 ’

414 1348 642 1385 consona
667 1331 910 1399 adpetere
937 1336 990 1384 et
1013 1331 1267 1384 honorare
1292 1330 1498 1395 ieiunia,
1529 1330 1632 1399 qui,
1660 1337 1721 1384 ut
1745 1331 1927 1400 longos
1957 1347 2215 1385 sermones
2240 1330 2388 1385 breui
2519 1336 2522 1348 '

414 1418 582 1467 artem
603 1413 907 1481 conpendiO,
928 1413 982 1466 in
1002 1412 1311 1466 seruitutem
1330 1411 1572 1466 libertate
1590 1417 1816 1477 mutata,
1839 1429 1958 1467 cum
1977 1413 2175 1482 captiui
2196 1412 2387 1467 debue-

414 1495 523 1550 rint
570 1494 860 1547 desiderare
897 1493 1120 1559 deliciaS,
1160 1499 1587 1563 contempserunt
1623 1493 1947 1563 Babylonias
1982 1494 2142 1564 dapes
2180 1499 2234 1550 et
2269 1494 2388 1548 sim-

415 1575 602 1646 plicem
635 1575 809 1629 cibum
839 1574 1001 1645 regali
1030 1591 1239 1629 mensae
1271 1575 1650 1645 praetulerunt.
1704 1581 2041 1645 praeceperat
2074 1576 2264 1646 quippe
2294 1593 2390 1630 rex

414 1656 893 1710 Nabuchodonosor
912 1657 1267 1710 eunuchorum
1284 1657 1520 1726 principi,
1540 1662 1602 1710 ut
1619 1657 1682 1710 de
1701 1655 1823 1709 filiis
1843 1656 2167 1726 captiuitatis
2191 1656 2389 1713 Israhel
2421 1671 2472 1710 15

415 1744 468 1792 et
489 1739 552 1792 de
572 1739 712 1808 regio
734 1739 926 1792 semine
947 1755 1150 1808 pueroS,
1173 1739 1227 1791 in
1249 1739 1435 1809 quibus
1455 1737 1600 1791 nulla
1619 1743 1754 1795 esset
1773 1738 1994 1803 macula,
2016 1738 2258 1807 pulchros
2279 1754 2390 1792 cor-

415 1821 538 1891 pore
562 1826 615 1874 et
642 1825 793 1888 aptos
817 1821 884 1874 ad
907 1820 1216 1890 sapientiam
1237 1820 1631 1890 perdiscendam
1653 1820 2008 1873 introduceret
2028 1820 2301 1889 palatium,
2326 1826 2388 1874 ut

417 1908 589 1956 essent
611 1902 665 1955 in
689 1901 810 1956 aula
829 1902 962 1972 regis
986 1902 1345 1971 discerentque
1368 1902 1570 1955 litteras
1595 1918 1656 1955 ac
1678 1901 1910 1972 linguam
1934 1901 2312 1956 Chaldaeorum
2334 1907 2388 1956 et

415 1984 478 2037 de
503 1982 731 2053 reliquiis
757 2001 965 2038 mensae
993 1984 1100 2037 eius
1129 1985 1367 2037 uiuerent
1394 1989 1552 2053 atque
1578 1984 1698 2038 inde
1725 1989 1943 2053 accepta
1967 1984 2092 2037 uina
2115 1988 2378 2053 potarent.

359 2081 381 2117 2
417 2065 676 2135 eliguntur
697 2064 877 2134 itaque
899 2066 963 2118 de
986 2066 1128 2122 tribu
1152 2065 1285 2119 Iuda
1304 2065 1545 2130 Danihel,
1570 2065 1816 2131 Ananias,
1842 2066 2070 2131 AzariaS‚
2093 2065 2313 2120 Misahel
2332 2071 2387 2120 et
2419 2081 2474 2120 2⁰

415 2162 598 2218 genere
630 2148 908 2201 concordes
941 2153 994 2201 et
1023 2148 1145 2211 fide,
1179 2165 1401 2217 quorum
1430 2147 1764 2202 nobilitatem
1793 2148 1926 2201 dura
1953 2153 2256 2201 mutauerat
2285 2165 2388 2202 ser-

412 2229 569 2283 uituS.
590 2248 616 2284 e
636 2228 822 2298 quibus
837 2229 1074 2296 Danihel,
1091 2229 1225 2283 sicut
1238 2230 1496 2299 scriptura
1508 2235 1753 2296 testatur,
1772 2247 1807 2300 p
1827 2247 1858 2283 o
1878 2246 1901 2283 s
1922 2247 1958 2282 u
1979 2229 1997 2282 1
2016 2234 2041 2283 t
2067 2229 2140 2283 in
2168 2246 2194 2283 c
2216 2246 2244 2283 o
2263 2246 2289 2282 r
2309 2229 2345 2282 d
2365 2246 2392 2284 e

414 2329 542 2364 suo
597 2329 740 2367 non
792 2311 1299 2380 coinquinari
1338 2311 1419 2364 de
1454 2328 1710 2365 mensa
1756 2310 1980 2381 regis
2039 2315 2144 2365 tres
2183 2327 2401 2380 quoque,

413 2393 560 2462 pueri
579 2411 684 2447 non
715 2394 887 2447 minus
906 2392 1149 2463 refigione
1178 2409 1337 2462 quam
1356 2392 1750 2462 propinquitate
1773 2393 1956 2447 sociati
1981 2393 2271 2462 suscipiunt
2290 2391 2390 2446 uiri

414 2475 685 2528 consilium
721 2482 774 2530 et
797 2474 1096 2544 adprobant
1123 2474 1435 2544 sapientiam
1448 2474 1704 2543 simulque
1725 2475 2082 2528 eunuchorum
2103 2475 2388 2544 principem
2421 2489 2473 2527 25
2518 2488 2521 2546 ᾗ

415 2556 752 2625 deprecantes
779 2556 862 2609 dei
888 2555 1180 2625 opitulante
1207 2555 1482 2610 clementia
1504 2557 1791 2625 inpetrant,
1822 2556 1962 2625 quod
1987 2556 2302 2620 desiderant,
2331 2561 2386 2610 et
2518 2558 2519 2561 ’

354 2651 378 2689 3
411 2637 465 2690 in
486 2642 627 2691 terra
647 2638 970 2708 captiuitatis
993 2643 1205 2692 seruant
1224 2637 1422 2708 generis
1444 2637 1790 2691 nobilitatem.
1803 2652 1929 2692 nam
1948 2638 2224 2692 timentem
2243 2653 2391 2707 prae-

419 2719 667 2789 positum,
692 2736 756 2774 ne
781 2720 999 2773 aliorum
1023 2736 1301 2789 puerorum
1324 2719 1503 2773 uultus
1525 2719 1738 2773 hilarior
1763 2718 1977 2789 capitali
2000 2737 2054 2774 se
2076 2735 2274 2790 poenae
2298 2720 2390 2773 ad-

416 2802 626 2866 diceret,
654 2804 856 2858 ratione
886 2807 940 2855 et
968 2800 1178 2856 consilio
1207 2801 1410 2855 leniunt
1434 2801 1514 2855 his
1543 2801 1717 2855 uerbis
1745 2801 2044 2870 loquentes:
2091 2807 2117 2855 t
2135 2819 2162 2855 e
2182 2819 2237 2855 m
2256 2818 2291 2871 p
2311 2806 2337 2855 t
2355 2818 2389 2855 a

412 2901 690 2954 pueros
746 2890 919 2938 tuos
976 2884 1248 2937 diebus
1305 2884 1556 2937 decem
1613 2889 1685 2937 et
1743 2884 1973 2940 detur
2026 2883 2248 2937 nobis
2304 2884 2499 2938 dean>

567 3048 588 3090 1
617 3046 803 3092 *Ezecn
827 3047 867 3100 8,
887 3046 913 3090 6
1031 3048 1058 3091 3
1078 3046 1183 3091 Leu.
1211 3046 1276 3101 16,
1301 3046 1355 3090 29
1469 3047 1521 3090 22
1546 3046 1689 3091 *Dan
1716 3048 1752 3101 1,
1777 3047 1804 3091 8
1911 3047 1965 3090 29
1993 3045 2386 3100 *Dan.1,12-13

564 3166 591 3209 3
611 3165 768 3222 praelii
785 3166 868 3211 UV
960 3163 986 3208 5
1008 3164 1314 3223 pinguidinem
1331 3165 1412 3209 TV
1510 3164 1535 3208 6
1557 3178 1721 3223 coquos
1737 3180 1761 3221 ς
1853 3167 1879 3210 7
1900 3164 2128 3210 diuersoue
2145 3165 2187 3210 U
2266 3165 2293 3209 8
2313 3176 2390 3220 pa-

414 3239 519 3284 teris
534 3254 559 3295 ς
638 3239 773 3284 inini.
789 3240 926 3299 cont]
938 3239 1099 3284 iniuria
1109 3238 1460 3284 incontinentiae
1480 3240 1521 3284 U
1605 3240 1631 3282 9
1645 3243 1918 3297 quaerantur
1929 3240 1969 3284 V
2046 3240 2097 3284 10
2110 3237 2294 3283 danielis
2309 3239 2390 3283 TV

416 3316 466 3357 11
483 3315 661 3372 longum
682 3327 925 3359 sermonem
951 3314 1031 3359 TV
1194 3314 1246 3357 12
1268 3316 1409 3358 artem
1432 3327 1511 3357 om.
1540 3315 1590 3367 T,
1617 3313 1736 3359 Va.c.
1761 3313 1977 3372 explicem
1997 3313 2064 3358 uel
2083 3311 2340 3358 concludam
2363 3327 2390 3367 ς

416 3388 660 3433 debuerant
680 3389 910 3434 uel—runt
931 3403 956 3444 ς
1024 3389 1077 3433 13
1098 3387 1260 3445 babyll.
1295 3389 1410 3432 Tac
1439 3388 1579 3433 babil.
1606 3389 1646 3432 V
1717 3387 1770 3432 15
1788 3387 2011 3446 nabugod.
2038 3388 2076 3432 T
2094 3387 2140 3445 (g
2151 3386 2389 3444 excm2)V

415 3462 524 3508 filiis
548 3464 711 3520 captiu.
736 3463 844 3508 filiis
870 3464 911 3509 U
1035 3464 1085 3507 17
1104 3461 1289 3519 perdisc.
1312 3475 1403 3518 sap.
1432 3463 1473 3507 U
1600 3462 1670 3521 ut]
1691 3466 1737 3507 et
1759 3477 1784 3518 ς
1884 3463 1952 3507 -18
1971 3461 2246 3507 chaldeorum
2273 3461 2385 3506 codd.

417 3538 469 3581 20
494 3537 640 3582 daniel
657 3539 737 3582 TV
880 3537 1095 3582 annanias
1112 3538 1151 3581 T
1168 3549 1368 3593 ananyas
1387 3541 1434 3580 et
1447 3537 1488 3580 V
1603 3536 1760 3581 misael
1773 3537 1813 3581 V
1907 3539 1954 3581 et
1973 3550 2051 3581 om.
2067 3536 2108 3581 V
2225 3535 2276 3579 21
2297 3547 2387 3579 non

417 3615 527 3655 mut.
555 3626 579 3666 ς
600 3611 670 3668 (cs.
695 3626 826 3668 supra
847 3612 873 3656 Z.
899 3612 970 3669 12)
1083 3612 1135 3655 22
1157 3610 1306 3656 daniel
1321 3610 1402 3655 TV
1510 3609 1562 3654 25
1585 3610 1742 3655 enuch.
1761 3612 1801 3655 T
1898 3611 1949 3656 27
1969 3610 2070 3655 nob.
2094 3623 2188 3668 gen.
2216 3623 2325 3654 seru.
2347 3608 2389 3653 U
2503 3610 2505 3614 ’
