2528 4186
816 369 1098 427 Epistula
1139 371 1380 418 LXXVIII
1417 375 1524 418 6-8
1963 367 1967 371 ’
2068 372 2138 424 57

191 540 391 593 semper
419 524 631 578 insidias
665 527 717 577 et
747 524 1097 577 inuocandam
1127 526 1530 580 misericordiam
1562 530 1657 594 dei,
1693 536 1752 583 ut
1784 532 2139 602 insequentem

189 605 513 659 Pharaonem
544 605 798 675 possimus
832 605 1057 674 effugere
1091 611 1142 659 et
1174 607 1322 660 nobis
1355 609 1410 661 in
1442 610 1661 677 spiritali
1693 611 1950 680 baptismo
1984 616 2141 670 suffo-

67 711 75 730 2
106 733 108 735 .
189 690 348 740 cetur.
373 687 582 756 egressis
606 687 669 739 de
690 686 822 739 Mari
846 686 1023 739 Rubro
1048 688 1268 740 occurrit
1290 689 1525 742 heremus
1552 691 1663 755 Sur,
1690 708 1820 760 quae
1844 699 1895 745 et
1918 696 2139 749 solitudo
2175 713 2196 748 3

191 767 416 820 Aetham
450 768 654 833 dicitur,
690 768 746 821 in
781 784 884 837 qua
916 768 1083 821 tribus
1120 768 1300 822 diebus
1333 770 1675 838 ingredientes
1710 790 1815 827 non
1848 775 2140 836 habuerunt

61 884 69 895 ,
133 861 155 899 5
189 854 381 918 aquam
408 853 460 901 et
476 853 823 919 peruenerunt
854 849 922 902 ad
937 849 1097 913 Mara,
1131 866 1262 919 quae
1280 867 1344 903 ex
1361 853 1704 906 amaritudine
1721 871 1909 908 nomen
1927 859 2138 926 accepit.

26 927 32 1007 l
189 929 416 982 habebat
438 930 552 984 fons
577 946 784 998 aquam,
810 934 861 982 et
885 930 1209 983 dulcedinem
1223 947 1328 984 non
1340 932 1584 986 habebat.
1610 942 1900 988 murmurat
1921 939 2140 1006 populus

28 991 51 1060 ἕ.
185 1011 366 1064 uidens
380 1027 540 1080 aquas
563 1015 615 1064 et
636 1015 818 1081 potare
840 1028 946 1065 non
967 1012 1240 1065 sustinens,
1265 1013 1502 1082 intellege
1523 1015 1668 1068 Mara
1681 1033 1840 1084 aquas
1865 1019 2140 1072 occidentis

27 1078 72 1178 ξ
186 1091 405 1157 litterae,
434 1092 622 1162 quibus
647 1093 691 1146 si
713 1093 1026 1146 inmittatur
1042 1094 1291 1147 confessio
1318 1096 1479 1148 crucis
1506 1100 1558 1148 et
1582 1098 1831 1164 passionis
1859 1100 2142 1153 dominicae

27 1215 52 1235 μ,
82 1211 95 1214 ψ
185 1179 510 1228 sacramenta
531 1174 828 1243 iungantur,
868 1191 1032 1238 omne,
1062 1175 1202 1243 quod
1224 1175 1509 1244 inpotabile
1534 1182 1586 1229 et
1609 1179 1758 1231 triste
1783 1180 2058 1233 uidebatur
2083 1198 2141 1234 ac

105 1268 154 1305 ιο
183 1255 422 1325 rigidum,
450 1255 674 1308 uertitur
697 1255 753 1308 in
778 1255 1116 1309 dulcedinem.
1145 1257 1282 1310 unde
1309 1261 1360 1309 et
1386 1258 1637 1327 scriptum
1663 1264 1762 1312 est:
1799 1262 2142 1315 constituit

185 1336 337 1389 deus
371 1335 607 1406 populo
639 1336 837 1406 legem
868 1342 928 1409 et
959 1337 1199 1390 iudicia
1231 1342 1290 1390 et
1322 1340 1675 1408 temptauit
1708 1357 1861 1394 eum.
1889 1342 1979 1394 ubi
2004 1343 2139 1396 enim

183 1418 489 1487 magnitudo
516 1418 731 1487 gratiae,
761 1418 835 1471 ibi
862 1419 1169 1488 magnitudo
1199 1419 1518 1473 discriminis,
1550 1438 1643 1474 nec
1671 1424 1922 1487 terrearis,
1954 1424 1996 1476 si
2023 1429 2140 1493 post
2175 1439 2198 1475 4

183 1499 458 1552 uictoriam
501 1500 679 1554 uenias
725 1500 794 1553 ad
838 1500 1256 1565 amaritudinem,
1305 1502 1427 1570 quia
1457 1519 1638 1554 uerum
1671 1504 1864 1572 pascha
1895 1505 2140 1558 facientes

187 1597 374 1649 azyma
413 1597 533 1634 cum
568 1581 1002 1635 amaritudinibus
1039 1583 1319 1635 comedunt
1364 1587 1416 1635 et
1450 1585 1729 1653 temptatio
1764 1586 2139 1654 probationem,

3 1703 31 1734 ,ἶ
59 1723 62 1727 Δ
103 1674 152 1712 15
182 1661 424 1730 probatio
453 1679 613 1731 spem,
645 1679 759 1732 spes
788 1663 926 1732 parit
955 1663 1192 1717 salutem.
1226 1665 1374 1732 apud
1394 1666 1618 1718 medicos
1650 1683 1853 1735 quoque
1884 1668 2141 1735 quaedam

183 1743 453 1808 antidotus
493 1744 675 1797 noxios
717 1744 956 1798 humores
996 1749 1292 1814 temperans
1335 1763 1400 1798 ex
1441 1747 1785 1800 amaritudine
1825 1749 2159 1813 nominatur,

184 1841 315 1895 quae
333 1825 492 1878 dulcis
511 1825 801 1879 ostenditur
816 1827 1094 1880 restituens
1112 1827 1406 1891 sanitatem,
1441 1828 1573 1880 sicut
1588 1845 1613 1880 e
1628 1830 1881 1881 contrario
1900 1830 2141 1899 uoluptas

187 1910 345 1976 atque
372 1906 580 1959 luxuria
607 1907 952 1961 amaritudine
979 1909 1293 1962 terminatur
1323 1909 1525 1962 dicente
1555 1910 1831 1979 scriptura:
1876 1927 2032 1979 quae
2070 1911 2143 1963 ad

184 1992 442 2057 tempus
490 1988 889 2058 pinguefacit
933 1989 1147 2042 fauces
1193 1995 1352 2055 tuaS,
1404 1990 1746 2043 nouissime
1796 2008 1938 2044 uero
1985 2008 2141 2044 ama-

77 2086 89 2102 ¹
180 2069 312 2122 rius
342 2068 532 2122 felle
517 2069 831 2123 muenies,

248 2150 294 2204 8.
335 2149 415 2203 Et
458 2151 730 2220 profecti
771 2152 841 2204 de
875 2152 1044 2205 Mara
1090 2157 1407 2205 uenerunt
1446 2153 1511 2205 in
1549 2153 1768 2217 Helim,
1817 2153 1921 2205 ubi
1962 2158 2141 2206 erant

181 2231 512 2285 duodecim
535 2232 746 2286 fontes
775 2250 1088 2302 aquarum
1114 2239 1173 2286 et
1196 2234 1610 2303 septuaginta
1632 2235 1890 2303 palma-e,
1921 2234 2138 2303 ibique

183 2318 391 2366 castra
434 2314 658 2367 metati
700 2321 866 2368 sunt.

74 2457 77 2459 ,
249 2393 412 2448 Sexta
441 2395 641 2449 mansio
672 2396 728 2451 in
762 2396 962 2450 ‘arietes
995 2396 1277 2465 fortesque‘
1309 2397 1547 2449 uertitur.
1586 2413 1742 2465 quam
1773 2397 1982 2465 pulcher
2015 2397 2138 2449 ordo

82 2515 86 2517 -
156 2475 465 2529 uirtutum!
503 2482 623 2547 post
661 2478 935 2530 uictoriam
972 2478 1270 2548 temptatio,
1312 2482 1431 2547 post
1469 2479 1872 2547 temptationem
1909 2478 2137 2530 refectio.

297 2661 326 2704 3
343 2659 397 2702 cf.
412 2658 496 2703 Ex.
513 2659 580 2712 15,
598 2661 652 2704 22
735 2657 738 2660 ⁴
763 2661 790 2706 5
812 2661 866 2704 cf.
889 2660 972 2704 Ex.
998 2660 1065 2714 15,
1088 2662 1142 2706 23
1180 2714 1184 2719 .
1255 2663 1281 2705 6
1302 2661 1356 2704 cf.
1379 2660 1462 2705 Ex.
1487 2660 1553 2712 15,
1577 2662 1629 2704 24
1743 2663 1767 2704 7
1790 2661 1843 2703 cf.
1869 2660 1913 2703 II
1935 2660 2028 2703 Cor.
2053 2661 2092 2711 3,
2115 2660 2140 2702 6

81 2751 86 2790 f
180 2733 240 2795 10
261 2731 376 2776 *Ex.·
393 2733 461 2786 15,
484 2733 537 2778 25
669 2736 723 2779 13
743 2734 796 2778 cf.
820 2735 951 2779 Num.
976 2735 1015 2787 9,
1038 2736 1089 2779 11
1219 2736 1273 2779 14
1293 2735 1348 2778 cf.
1373 2735 1499 2778 Rom.
1522 2734 1561 2786 5,
1584 2733 1693 2777 4-5
1818 2736 1869 2779 16
1891 2734 2136 2790 antidotus]

180 2806 275 2853 scil.
297 2809 466 2863 πικρά,
489 2808 542 2854 cf.
564 2808 864 2865 epist-CXXI
885 2810 1071 2867 praefat.
1180 2810 1231 2854 18
1255 2808 1409 2852 *Prou.
1433 2808 1472 2860 5,
1494 2810 1604 2852 3—4
1738 2809 1786 2851 21
1822 2808 1887 2851 *N
1891 2822 1976 2851 um.
2011 2808 2078 2859 33,
2114 2808 2139 2850 9

183 2882 237 2926 24
262 2880 315 2926 cf.
339 2881 495 2927 Onom.
519 2897 552 2928 s.
576 2884 642 2936 13,
665 2885 712 2936 4;
732 2884 801 2936 50,
822 2884 849 2928 5

67 3051 111 3076 .-
293 3013 319 3056 2
337 3013 520 3070 effugite
541 3013 595 3059 W
687 3013 734 3059 in
754 3028 834 3058 om.
860 3014 940 3059 OB
1033 3017 1060 3060 3
1081 3014 1239 3070 egressi
1260 3014 1391 3058 WOB
1438 3035 1442 3039 ·
1478 3027 1598 3057 mare
1621 3014 1673 3057 W
1759 3013 1925 3056 occurit
1946 3012 2134 3063 W,Ba.c.

94 3074 96 3078 ’
155 3078 157 3082 ’
180 3090 383 3133 occurrat
399 3086 440 3132 Ω
533 3087 593 3131 sir
613 3088 667 3132 W
754 3091 781 3134 4
801 3089 964 3132 aethan
983 3087 1023 3133 Ω
1044 3089 1179 3132 ethan
1198 3088 1280 3132 XO
1301 3091 1404 3131 etan
1427 3087 1466 3130 B
1486 3088 1651 3132 Etham
1675 3103 1699 3142 ς
1772 3087 1797 3129 5
1819 3086 2077 3142 perueniunt
2101 3085 2139 3127 B

56 3087 67 3226 ξ
89 3159 97 3178 ·’
180 3171 237 3203 ex
257 3159 444 3204 s.l.m2X
500 3163 524 3205 7
543 3161 668 3206 Mara
691 3161 772 3205 int.
796 3177 821 3217 ς
895 3176 1066 3206 maram
1092 3162 1175 3206 ΩΒ
1199 3175 1319 3205 mare
1343 3162 1466 3205 Xa.c.
1545 3161 1700 3217 aquas]
1725 3161 1768 3203 in
1794 3161 1917 3215 aquis
1940 3158 2139 3213 Xp.c.m2

59 3228 63 3235 '
91 3268 98 3274 .
179 3233 207 3278 8
217 3233 449 3278 inmitatur
462 3235 563 3279 WX
572 3235 822 3279 immitatur
838 3235 875 3278 B
890 3236 1137 3290 imitaturO
1150 3234 1401 3279 imitatorss
1496 3235 1522 3278 9
1535 3238 1580 3277 et
1593 3249 1670 3277 om.
1689 3235 1734 3277 X
1788 3235 1839 3277 10
1855 3237 2052 3276 uertet-ur
2060 3232 2139 3276 OB

49 3238 87 3354 1
183 3309 230 3351 et
250 3321 329 3352 om.
354 3307 441 3352 ΧΩ
554 3310 605 3354 11
634 3310 713 3366 leg.
735 3323 836 3366 pop.
853 3309 890 3353 0
1003 3310 1055 3354 13
1075 3323 1163 3366 qua
1181 3310 1226 3352 X
1246 3309 1323 3366 qui
1340 3308 1380 3353 Ω
1505 3322 1637 3364 pasca
1660 3308 1697 3349 Β
1824 3308 1874 3349 14
1894 3306 2036 3349 azima
2054 3305 2138 3349 ΩΒ

181 3379 234 3424 15
253 3382 446 3439 parturit
461 3382 498 3426 Ο
630 3384 683 3428 16
703 3383 963 3426 anthidotus
983 3384 1090 3441 (-tos
1122 3383 1192 3438 W)
1215 3382 1353 3426 WXQ
1466 3385 1746 3437 nuncupatur
1771 3395 1795 3434 ς
1919 3380 1970 3423 18
1994 3380 2137 3435 adque

82 3502 83 3506 ,
182 3454 229 3498 X
241 3455 331 3499 oto
430 3469 566 3500 amar.
581 3470 659 3501 om.
674 3455 714 3501 Ω
827 3456 1122 3501 terminantur
1133 3455 1174 3500 Ω
1190 3459 1462 3512 temperatur
1471 3455 1549 3498 OB
1663 3455 1716 3497 19
1736 3454 1914 3509 pingues
1937 3453 2045 3496 facit
2059 3452 2139 3496 OB

26 3551 35 3586 5
154 3527 303 3572 ”21013
321 3542 403 3577 om..
419 3530 498 3574 OB
665 3530 813 3586 helym
829 3531 866 3575 o
893 3531 1009 3574 Elim
1031 3545 1056 3585 ς
1226 3531 1277 3572 24
1303 3530 1531 3584 fontesque
1552 3527 1631 3571 on
1799 3526 1851 3569 25
1879 3526 2068 3570 tentatio
2096 3541 2135 3581 ς,

35 3588 47 3613 '²
178 3613 258 3646 om.
283 3602 364 3647 ΟΒ
475 3604 767 3649 tentationem
789 3619 814 3659 ς
926 3603 1175 3647 refectionis
1200 3603 1235 3646 O

27 3475 30 3486 -
24 3126 40 3438 «zrwu-is53-vvvfflffi-
24 3023 32 3091 ·*·‘·2
24 2986 26 2990 ·

59 3500 66 3513 ,
58 3439 60 3444 ,
58 3359 62 3369 ἢ
57 3005 63 3083 Ηρω
56 2954 62 2961 .
