2528 4186
870 399 1175 458 Epistula
1215 403 1368 446 LXXI
1398 405 1503 449 5-7
2122 401 2152 451 7

220 570 327 607 11011
346 552 583 606 debuerit
603 553 824 622 spiritali
834 585 915 618 -,
938 555 1299 609 eucharistiam
1313 574 1514 627 quoque
1535 559 1725 628 absque
1740 562 2161 616 condemnatione

217 633 384 688 nostri
404 639 457 687 et
478 638 742 704 pungente
765 635 1080 688 conscientia
1101 652 1298 706 semper
1322 638 1547 708 accipere
1570 645 1622 692 et
1644 641 1965 709 psalmistam
1989 644 2162 696 audire

0 712 25 788 ξ
220 715 500 768 dicentem:
541 711 795 784 gustate
844 713 906 767 et
951 714 1177 781 uidete,
1236 715 1419 786 quam
1467 720 1674 772 suauis
1724 727 1816 773 est
1865 723 2160 786 dominus

0 790 27 867 Ξ
221 801 274 849 et
313 811 432 849 cum
471 811 530 848 eo
569 811 774 848 canere:
816 797 1176 849 eructuauit
1222 814 1322 850 cor
1366 816 1564 852 meum
1610 801 1865 854 uerbum
1910 802 2159 856 bonum!

0 866 38 1109 Ξ
167 893 190 930 5
221 893 316 931 nee
354 875 452 930 hoc
490 857 622 940 dico,
673 892 775 944 quo
814 876 960 929 festis
1001 877 1179 930 diebus
1219 879 1552 933 ieiunandum
1589 886 1770 958 putem
1808 887 1860 934 et
1898 888 2165 936 contextas
2200 900 2220 934 3

221 956 601 1027 quinquaginta
652 955 832 1009 diebus
884 957 1036 1010 ferias
1090 959 1335 1024 auferam,
1390 961 1479 1013 sed
1528 978 1866 1031 unaquaeque
1903 964 2167 1032 prouincia

220 1037 451 1092 abundet
496 1038 554 1091 in
598 1053 750 1091 sensu
798 1055 890 1091 suo
940 1044 992 1091 et
1049 1045 1326 1110 praecepta
1374 1042 1626 1094 maiorum
1685 1042 1816 1111 leges
1859 1044 2164 1112 apostolicas

221 1117 538 1172 arbitretur.v
708 1178 716 1182 ,
993 1139 999 1144 ·
1431 1178 1438 1185 ,

11 1258 69 1269 ,ζ
354 1201 407 1255 ’7.γ
433 1199 551 1253 Duo
580 1199 792 1270 palliola
820 1204 873 1252 et
903 1200 1294 1291 amphimallum
1324 1203 1385 1255 de
1415 1203 1519 1255 tuis
1549 1203 1724 1256 usibus
1753 1203 1838 1256 uel
1863 1205 2058 1256 utenda
2084 1205 2167 1257 uel

128 1295 187 1335 10
217 1281 409 1335 sanctis
432 1281 608 1334 danda
629 1281 842 1350 suscepi.
870 1281 1193 1351 egoinsignia
1204 1283 1529 1373 paupertatis
1552 1288 1604 1336 et
1626 1284 1915 1337 cotidianae
1934 1285 2168 1352 symbola

219 1362 573 1432 paenitentiae
583 1361 684 1415 tibi
704 1366 757 1415 et
778 1362 939 1415 sorori
958 1367 1082 1415 tuae
1103 1363 1232 1426 misi,
1259 1369 1505 1432 quattuor
1527 1364 1740 1417 ciliciola
1761 1370 1887 1434 apta
1906 1366 2166 1434 proposito

223 1448 276 1497 et
330 1442 508 1497 usibus
565 1442 753 1496 uestris
811 1448 864 1496 et
921 1433 1163 1509 cedioem,
1238 1444 1335 1498 hoc
1391 1450 1468 1498 est
1519 1445 1735 1498 uisiones
1778 1445 1962 1499 Esaiae
2018 1446 2167 1499 ualde

222 1524 623 1590 obscurissimas,
659 1540 786 1594 quas
809 1541 974 1595 nuper
1003 1524 1248 1578 historica
1279 1525 1639 1596 explanatione
1672 1526 1898 1590 disserui,
1932 1532 2008 1590 ut,
2045 1543 2166 1596 quo-

23 1659 38 1680 „
220 1605 579 1676 tienscumque
612 1622 739 1659 meav
765 1605 1013 1676 opuscula
1044 1606 1249 1671 uideriS,
1285 1607 1477 1660 totiens
1514 1607 1665 1659 amici
1698 1607 1976 1660 dulcissimi
2006 1623 2167 1659 recor-

25 1682 50 1730 *³-
138 1701 186 1739 15
218 1687 375 1740 datus
416 1686 824 1756 nauigationem,
889 1704 1046 1756 quam
1088 1704 1365 1758 parumper
1409 1688 1696 1751 distuleras
1743 1704 1904 1757 pares.
1952 1692 2003 1740 et
2049 1686 2168 1756 quia
2201 1703 2222 1738 2

212 1771 328 1837 ’11011
353 1772 431 1821 est
456 1768 512 1821 in
539 1766 747 1823 homine
775 1767 863 1822 uia
890 1768 998 1822 eius
1026 1773 1078 1822 et
1107 1785 1138 1821 a
1165 1769 1372 1821 domino
1396 1785 1593 1838 gressus
1621 1768 1840 1822 hominis
1861 1768 2165 1836 diriguntur,

221 1847 264 1903 si
283 1849 418 1903 forte
430 1881 497 1888 —
509 1849 648 1919 quod
659 1849 842 1920 procul
863 1849 998 1903 absit
1010 1881 1078 1887 —-
1089 1849 1282 1919 aliquid
1302 1849 1456 1902 fuerit
1478 1849 1856 1919 inpedimento,
1873 1865 2074 1917 quaes0‚
2089 1853 2166 1911 ut,

222 1946 350 2000 quos
389 1930 578 1984 caritas
617 1930 803 2000 iungit,
841 1935 1099 1984 terrarum
1126 1930 1393 2000 longitudo
1431 1947 1536 1983 non
1575 1935 1776 2000 separet
1815 1935 1866 1982 et
1905 1929 2165 1982 absentem

221 2011 477 2065 Lucinum
533 2017 774 2066 nostrum
829 2029 1028 2082 semper
1085 2016 1408 2110 praesentem
1464 2011 1757 2066 litterarum
1818 2009 2168 2062 uicissitudine

69 2116 74 2120 ·
136 2107 190 2146 00
220 2092 521 2147 sentiamus,
2103 2110 2105 2114 ’

333 2271 361 2314 3
386 2262 483 2315 *Ps.
509 2271 578 2323 33,
604 2271 631 2314 9
756 2272 798 2315 ,4
822 2271 892 2316 Ps.
917 2272 986 2323 44,
1013 2272 1037 2313 2
1075 2306 1078 2309 .
1179 2272 1202 2314 7
1223 2270 1276 2312 cf.
1302 2270 1427 2313 Rom.
1451 2270 1517 2320 14,
1538 2269 1564 2312 5
1715 2267 1766 2311 16
1791 2267 1844 2312 ef.
1872 2267 1987 2310 Hier.
2019 2267 2083 2317 10,
2115 2266 2168 2309 23

227 2342 281 2388 01.
302 2343 430 2389 Ρ1011.
453 2343 522 2397 20,
547 2345 602 2388 24
1197 2369 1199 2371 ·

67 2503 82 2534 ;.-
337 2477 360 2520 1
391 2474 604 2520 debuerat
626 2476 661 2519 J
828 2475 1136 2519 heuoaristiam
1165 2475 1206 2531 ΒΙ
1377 2471 1766 2529 condempnatione
1795 2472 1966 2528 (-nem
1995 2471 2054 2526 D)
2083 2469 2167 2514 ΠΒ

144 2544 147 2547 ’
224 2550 250 2593 2
277 2547 455 2607 psalm]
483 2548 578 2608 add..
608 2563 778 2607 semper
805 2551 847 2594 D
1083 2551 1110 2593 3
1139 2548 1288 2606 quam]
1318 2546 1524 2604 quoniam
1551 2545 1593 2590 Σ
1826 2547 1852 2588 4
1880 2542 2098 2587 eruetauit
2125 2543 2163 2585 B

223 2622 249 2666 5
276 2622 395 2680 quod
426 2621 505 2667 ,ΤΣ
688 2623 801 2667 dieb.
837 2623 934 2667 fest.
972 2638 996 2678 ς
1040 2676 1044 2680 ¹
1183 2621 1442 2678 constitutas
1474 2619 1551 2664 ,ΤΣ
1728 2619 1753 2662 6
1784 2618 1896 2661 feriis
1927 2618 1980 2668 D,
2011 2631 2089 2659 om.
2125 2615 2162 2659 Β

199 2698 249 2741 ’7
275 2696 506 2741 habundet
531 2697 580 2755 (h
609 2711 712 2742 eras.
745 2696 803 2754 Σ)
832 2698 945 2741 codd.
1142 2710 1218 2740 suo
1248 2709 1375 2739 sensu
1407 2694 1446 2737 B
1652 2693 1678 2736 9
1707 2690 2022 2748 amphimalum
2051 2691 2161 2733 Ja.c.

224 2764 527 2828 amphibalum
546 2771 586 2815 B
698 2785 763 2828 pr.
782 2771 853 2815 uel
869 2785 902 2814 s.
922 2771 947 2814 l.
966 2770 1036 2814 ΜΖ
1053 2769 1096 2814 Σ
1205 2771 1257 2814 10
1276 2771 1379 2812 cott.
1397 2769 1430 2812 J
1434 2767 1475 2811 Σ
1493 2765 1699 2811 cotidiani
1719 2767 1759 2809 D
1870 2763 2073 2821 symbula
2091 2763 2123 2806 J
2129 2761 2169 2805 Σ

224 2842 411 2888 simbola
427 2844 466 2888 Β
479 2838 681 2889 simbolia
696 2846 737 2890 D
947 2846 996 2890 11
1015 2843 1200 2888 ciliciala
1214 2843 1254 2886 D
1449 2843 1500 2885 12
1520 2840 1618 2897 hoc]
1639 2839 1682 2883 id
1700 2840 1733 2883 J
1736 2838 1777 2882 Σ
1968 2837 2051 2893 est]
2071 2837 2163 2879 add.

225 2917 377 2962 decem
404 2933 441 2974 ς4
646 2917 824 2964 uisionis
851 2917 934 2963 ΣΒ
1142 2930 1268 2973 esaye
1296 2917 1334 2959 B
1363 2907 1500 2958 Isaiae
1527 2929 1551 2969 ς
1731 2914 1781 2957 13
1807 2911 1974 2955 deserui
1998 2911 2030 2953 J
2036 2908 2163 2960 ‚2'a.c.

227 2988 427 3036 14'amici
440 3005 493 3036 ex
506 2991 642 3036 animi
655 2992 720 3050 (ut
734 2993 843 3050 uid.)
862 2993 901 3035 B
995 2992 1048 3036 16
1065 2991 1125 3048 et]
1142 2991 1216 3034 sed
1229 2990 1263 3034 J
1266 2988 1307 3034 Σ
1402 2988 1627 3032 hominum
1644 2985 1720 3031 JE
1819 2987 1868 3029 17
1887 2985 1974 3027 abs.
1994 2995 2108 3040 proc.
2129 2981 2162 3024 ὲ.

225 3064 529 3124 impedimenti
550 3081 576 3122 ς
743 3067 796 3110 19
818 3065 1046 3110 Lucinium
1070 3080 1094 3119 ς
1274 3064 1324 3107 20
1346 3061 1475 3118 sent]
1497 3061 1590 3105 add.
1613 3059 1789 3117 explicit
1809 3060 1862 3102 ad
1882 3057 2072 3100 lucinum
2094 3055 2126 3098 J
2130 3053 2170 3097 ,Σ
