2528 4186
737 354 1014 410 Epistula
1047 353 1190 409 XCVI
1221 357 1330 399 3-6
1920 345 2016 398 163

64 526 215 563 suum
239 509 503 579 patrisque
527 525 743 578 regnum
766 509 1026 562 humanae
1050 509 1215 562 carnis
1242 510 1505 566 occasione
1531 510 1798 565 diuideret.
1830 514 2013 580 quodsi

61 591 213 644 iuxta
243 590 474 659 Origenis
503 590 760 643 insaniam
790 589 1069 658 aliquando
1101 590 1380 643 amissurus
1412 597 1490 645 est
1520 607 1735 660 regnum
1767 593 2012 658 ChristuS,

63 672 358 740 unigenitus
390 671 529 724 filius
563 671 660 735 dei,
698 671 956 740 quomodo
989 671 1100 739 ipse
1132 671 1379 740 apostolis
1412 672 1746 742 loquebatur:
1783 690 1809 725 e
1828 691 1860 742 g
1883 691 1910 726 o
1947 691 1972 726 e
1992 680 2015 727 t

19 798 21 802 Α
62 770 97 822 p
117 757 192 806 at
214 769 241 805 e
259 767 286 804 r
326 770 361 805 u
380 769 416 805 n
436 770 470 805 u
489 769 544 804 m
585 769 610 805 s
630 770 664 804 u
684 769 738 804 m
758 769 792 804 u
813 769 851 816 S,
887 769 992 805 non
1026 769 1188 805 unum
1214 757 1396 820 postea
1420 754 1694 809 habiturus
1723 754 2012 823 imperium,

62 838 122 887 ut
158 833 352 886 scilicet
388 833 477 886 hic
507 833 701 886 habeat
736 833 966 902 gloriam,
1009 850 1166 902 quam
1202 833 1276 885 ibi
1313 834 1640 903 depositurus
1679 834 1794 887 est?
1835 840 1888 888 et
1926 836 2014 888 ubi

61 914 171 979 erit,
202 915 341 983 quod
366 930 569 983 semper
593 914 731 967 filius
756 914 811 966 in
838 918 986 983 patre
1014 919 1067 967 et
1092 919 1242 1005 pater
1266 915 1320 967 in
1347 915 1455 969 filio
1485 921 1578 980 est,
1608 916 1651 967 si
1677 932 1892 985 regnum
1919 916 2011 969 filii

59 1012 163 1048 non
204 995 299 1048 erit
339 994 575 1048 certum?
617 1011 813 1059 uerum,
855 995 982 1048 haec
1024 996 1112 1064 qui
1150 996 1228 1048 ita
1267 1013 1320 1048 se
1359 997 1549 1050 habere
1590 998 1928 1061 contendunt,
1972 998 2014 1050 si
2049 1013 2069 1048 3

57 1081 235 1130 tamen
261 1093 364 1129 non
391 1076 588 1145 egerint
612 1076 1004 1154 paenitentiam,-
1032 1076 1247 1145 pereant
1274 1082 1326 1130 et
1354 1079 1420 1131 ad
1446 1079 1539 1131 hos
1567 1078 1673 1130 zelo
1701 1078 1824 1130 fidei
1849 1079 2012 1169 pieta—

58 1157 229 1227 tisque
268 1162 540 1214 conmotus
554 1157 808 1226 loquatur
829 1157 1056 1226 Moyses:
1098 1175 1151 1210 m
1171 1158 1240 1211 al
1261 1176 1286 1211 e
1308 1159 1374 1211 d
1361 1177 1379 1211 1
1400 1177 1427 1212 c
1446 1165 1471 1212 t
1492 1178 1525 1213 u
1545 1176 1569 1212 s
1608 1164 1632 1214 t
1654 1178 1687 1212 u
1725 1159 1742 1211 i
1763 1177 1797 1212 n
1838 1176 1864 1212 c
1884 1160 1901 1211 i
1921 1178 1955 1212 u
1975 1161 2013 1212 i—

60 1243 227 1294 tate
287 1243 357 1292 et
414 1238 886 1292 maledictus
945 1239 1017 1291 in
1076 1255 1252 1308 agro
1311 1241 1582 1309 psahnista
1621 1241 1815 1331 pariter
1853 1241 2012 1293 incre-

55 1325 238 1389 pante:
285 1320 678 1373 deficiant
723 1325 1181 1389 peccatores
1227 1321 1311 1374 de
1354 1326 1567 1375 terra
1611 1327 1682 1375 et
1738 1322 2008 1390 iniqui,

56 1405 135 1454 ut
177 1400 388 1454 ultra
429 1417 571 1454 non
614 1401 1080 1454 subsistant.

188 1483 232 1535 6.
271 1480 530 1551 Equidem
563 1482 689 1534 scire
720 1499 824 1535 non
856 1499 1082 1551 possum,
1119 1499 1223 1551 qua
1253 1484 1549 1537 temeritate
1583 1484 1826 1552 Origenes
1858 1489 2011 1538 tanta

56 1562 370 1632 confingens
394 1568 447 1616 et
486 1580 590 1616 non
629 1564 1001 1632 scripturarum
1041 1564 1424 1629 auctoritatem,
1467 1566 1556 1619 sed
1596 1582 1748 1618 suum
1789 1582 2008 1618 errorem

51 1659 268 1713 sequens
305 1660 460 1697 ausus
496 1644 565 1696 sit
602 1645 800 1697 cunctis
835 1644 889 1697 in
925 1645 1155 1698 medium
1191 1647 1428 1700 nocitura
1464 1646 1690 1715 proferre
1725 1663 1819 1699 nec
1856 1647 2006 1700 aesti-

11 1785 14 1787 ,
53 1725 275 1778 mauerit
325 1742 576 1794 umquam
626 1725 790 1797 ullum
839 1725 1109 1778 hominum
1158 1726 1281 1791 fore,
1337 1728 1425 1796 qui
1475 1728 1579 1780 suis
1631 1728 2008 1781 adsertionibus

8 1798 13 1866 ζ
53 1812 234 1859 contra
252 1807 366 1871 iret,
385 1807 429 1859 si
448 1806 872 1875 philosophorum
892 1807 1120 1876 argutias
1144 1808 1362 1876 propriis
1386 1809 1700 1861 tractatibus
1720 1809 2007 1862 miscuisset

53 1891 107 1940 et
144 1905 175 1940 a
210 1887 347 1941 malo
387 1888 599 1941 exordio
637 1889 692 1941 in
729 1886 931 1941 fabulas
971 1889 1224 1958 quasdam
1263 1894 1315 1942 et
1353 1889 1691 1943 deliramenta
1727 1891 2007 1959 procedens

8 1997 12 2034 ς
54 1969 400 2022 Christianum
441 1970 630 2038 dogma
668 1969 850 2022 ludum
891 1974 943 2022 et
982 1970 1154 2023 iocum
1194 1970 1386 2024 faceret
1425 1988 1758 2040 nequaquam
1799 1971 2006 2024 diuinae

8 2051 21 2061 ”
43 2050 319 2104 ‘doctrinae
343 2050 564 2104 ueritate
591 2055 757 2115 utenS,
787 2051 875 2104 sed
901 2052 1159 2104 humanae
1185 2052 1373 2105 mentis
1400 2052 1614 2106 arbitrio
1643 2057 1695 2105 et
1720 2053 1775 2105 in
1800 2057 2015 2125 tantam¹

51 2147 104 2184 se
134 2131 247 2200 ipso
279 2131 525 2201 magistro
558 2132 904 2185 intumescens
938 2133 1247 2201 superbiam,
1283 2138 1344 2186 ut
1377 2130 1479 2186 non
1512 2134 1807 2187 imitaretur
1838 2134 2005 2187 humi-

49 2212 252 2265 litatem
297 2212 460 2277 Pauli,
509 2213 598 2282 qui
641 2213 820 2282 plenus
865 2214 1051 2282 spiritu
1094 2219 1275 2267 sancto
1321 2215 1543 2268 contulit
1588 2232 1706 2268 cum
1750 2215 2005 2283 prioribus

3 2354 4 2359 Ἰ
51 2294 298 2363 apostolis
369 2294 708 2363 euangelium,
802 2311 867 2347 ne
963 2295 1097 2348 forte
1173 2296 1225 2348 in
1305 2313 1530 2349 uacuum
1608 2301 1831 2349 curreret
1914 2302 2005 2350 aut

3 2376 4 2379 ’
54 2375 373 2440 cucurrisset,
442 2376 699 2444 ignoranS,
751 2376 890 2444 quod
938 2377 1227 2430 daemonici
1274 2377 1483 2446 spiritus
1532 2383 1664 2430 esset
1725 2377 2003 2431 instinctus

20 2467 27 2474 ⁸
54 2456 375 2526 sophismata
453 2457 800 2510 humanarum
867 2458 1122 2511 mentium
1208 2459 1353 2527 sequi
1437 2460 1489 2511 et
1575 2458 1770 2528 aliquid
1857 2463 2003 2512 extra
2027 2496 2030 2499 -

48 2538 418 2606 scripturarum
460 2539 827 2592 auctoritatem
868 2544 1052 2608 putare
1095 2539 1345 2592 diuinum.
1393 2540 1660 2609 quiescant
1701 2540 1997 2609 aliquande,
2034 2555 2054 2591 2

51 2619 139 2687 qui
176 2620 318 2688 regni
359 2619 547 2673 Christi
585 2619 744 2673 finem
784 2621 1099 2674 somniantes
1140 2621 1470 2674 uerbositatis
1512 2621 1745 2691 Origenis
1785 2622 2001 2690 cupiunt

160 2782 187 2825 3
209 2780 302 2825 Ioh.
325 2782 392 2834 10,
410 2783 465 2827 30
577 2781 604 2825 6
626 2780 681 2827 cf,
706 2782 799 2827 Ioh.
823 2783 890 2835 14,
911 2784 977 2827 10.
1001 2784 1051 2827 11
1166 2783 1192 2827 9
1214 2783 1373 2827 *Deut.
1397 2783 1464 2836 28,
1487 2783 1537 2827 16
1635 2785 1685 2828 11
1710 2783 1806 2828 *Ps.
1830 2784 1923 2836 103,
1943 2783 1996 2829 35

53 2854 107 2899 23
126 2853 180 2899 cf.
208 2854 302 2899 Gal.
326 2855 366 2907 2,
387 2856 412 2898 2

162 2987 187 3030 2
207 2990 275 3032 est
294 2991 339 3032 ct
357 3000 540 3045 regnum
562 2986 603 3030 V
767 2988 794 3032 5
814 2988 981 3046 depos]
1002 2989 1236 3034 habiturus
1256 3003 1346 3033 non
1367 2990 1408 3035 U
1577 2991 1603 3035 6
1623 2992 1750 3046 pat‘er
1768 2991 1815 3033 in
1835 2990 1928 3034 filio
1950 2994 1994 3033 et

51 3059 168 3105 filius
186 3061 234 3103 in
253 3064 380 3118 patre
401 3060 442 3103 V
535 3061 620 3119 est]
641 3062 702 3106 sit
720 3075 750 3105 u
836 3064 861 3106 7
881 3063 967 3107 erit
985 3077 1064 3107 om.
1087 3077 1118 3106 u
1217 3063 1405 3121 certum]
1427 3067 1655 3108 aeternum
1678 3065 1719 3109 U
1741 3068 1992 3108 coeternum

52 3132 136 3190 (ελ.
157 3135 252 3180 add.
275 3138 344 3179 est
361 3133 482 3193 m2)u
540 3135 616 3194 qui
633 3136 715 3180 hec
735 3134 775 3177 V
794 3136 878 3181 hoc
898 3137 974 3195 qui
995 3152 1020 3192 ς
1075 3137 1138 3194 se]
1158 3151 1203 3182 re
1222 3151 1252 3180 u
1319 3139 1346 3182 9
1366 3151 1450 3196 que
1471 3151 1522 3182 ex
1542 3151 1654 3196 quae
1674 3139 1712 3182 T
1780 3142 1830 3182 tu
1850 3152 1929 3182 om.
1953 3136 1992 3179 V

53 3208 107 3252 10
127 3213 416 3266 concrepante
435 3223 466 3253 u
589 3212 639 3254 11
662 3209 734 3268 de]
755 3223 781 3253 a
803 3211 878 3255 Uu
1002 3212 1054 3255 12
1074 3211 1143 3268 ut]
1163 3211 1230 3256 ita
1249 3216 1301 3256 ut
1320 3226 1351 3255 u
1474 3213 1591 3257 ultra
1611 3227 1690 3257 om.
1714 3225 1744 3254 u
1877 3212 1927 3255 13
1948 3217 1992 3257 et

53 3280 231 3339 quidem
251 3296 280 3326 u
347 3283 538 3340 origenis
557 3282 671 3328 TVu
739 3285 792 3328 15
812 3285 1121 3330 estimauerint
1142 3286 1183 3330 U
1253 3287 1306 3330 16
1326 3285 1399 3329 1111.
1422 3298 1542 3343 umq.
1564 3301 1593 3329 u
1661 3285 1884 3328 hominem
1905 3287 1947 3331 U
1952 3285 1990 3328 V

51 3355 103 3400 18
123 3369 150 3399 a
168 3371 247 3401 om.
268 3356 349 3401 TV
425 3357 706 3403 diliramenta
724 3358 763 3402 T
831 3359 884 3402 19
904 3348 1078 3415 Χ-ρὶειηίε
1100 3357 1140 3401 V
1208 3359 1367 3417 dogma
1387 3374 1468 3403 om.
1492 3358 1531 3400 V
1598 3360 1714 3403 iocos
1739 3358 1776 3400 V
1797 3359 1940 3404 locum
1960 3374 1990 3404 u

50 3428 104 3474 20
122 3429 266 3475 nitens
289 3446 313 3486 ς
407 3434 585 3476 tantum
609 3433 649 3477 U
743 3433 792 3476 21
816 3432 1019 3489 superbia
1044 3434 1085 3478 U
1178 3434 1229 3477 23
1249 3447 1414 3476 uanum
1436 3432 1476 3475 V
1581 3434 1634 3477 24
1654 3432 1764 3489 cuc.]
1785 3433 1991 3478 currisset

49 3498 272 3566 Va.9.m2u
329 3504 601 3550 daemoniaci
617 3507 658 3550 U
705 3506 983 3551 institutusu
1033 3507 1084 3551 25
1096 3504 1564 3564 s(s.l.m2)0ffismatau
1615 3508 1668 3551 26
1682 3508 1946 3552 auctoritate
1959 3522 1988 3551 u

51 3579 228 3631 putaret
248 3578 287 3622 T
400 3580 560 3637 quiesc.
582 3577 777 3625 Ta.c.m2
799 3581 959 3638 quiesc.
983 3593 1081 3637 ergo
1102 3583 1173 3624 cet.
1288 3582 1337 3625 27
1358 3580 1626 3625 uerbositate
1646 3595 1675 3623 u

1817 3670 1899 3715 11*
