2528 4186
447 298 542 350 178
1131 309 1335 354 Sancti
1373 308 1722 364 Hieronymi

435 471 765 534 perpetuam.
813 462 1136 518 honorabiles
1183 481 1387 533 quoque
1433 464 1745 517 condemnat
1789 457 1998 532 nuptias
2043 481 2234 534 negans
2281 466 2400 520 sub-
2476 511 2480 518 s

434 547 612 600 sistere
641 563 868 615 corpora,
899 546 997 599 nisi
1022 546 1162 615 prius
1191 546 1394 598 animae
1419 545 1474 597 in
1502 544 1641 597 caelo
1668 545 1999 613 peccauerint
2027 551 2078 598 et
2104 546 2225 599 inde
2254 563 2400 616 prae-

433 628 682 697 cipitatae
732 628 880 697 quasi
928 627 1240 697 quibusdam
1290 625 1557 695 ergastulis
1607 642 1880 695 corporum
1927 626 2136 680 uinctae
2184 627 2396 686 fuerint.
2484 651 2500 678 :.

442 715 493 762 et
522 709 607 762 ille
639 709 848 778 quidem
878 709 1085 773 sentiat,
1118 713 1178 761 ut
1209 708 1339 772 uult,
1371 707 1632 776 loquatur,
1664 711 1725 759 ut
1754 723 1858 761 non
1887 707 2064 762 timet:
2097 709 2278 763 audiat
2307 726 2399 763 nos

2519 757 2523 777 Ι

439 808 558 844 cum
585 790 747 844 Paulo
776 791 880 843 suis
908 788 1116 843 auribus
1144 789 1508 842 inclamantes:
1536 789 1572 840 h
1595 804 1622 841 o
1643 805 1679 840 n
1702 805 1729 841 o
1750 804 1776 840 r
1795 806 1827 842 a
1846 788 2002 842 bile
2023 806 2046 842 s
2073 806 2108 843 n
2129 808 2164 843 u
2183 807 2217 859 p
2239 795 2263 843 t
2282 791 2301 843 i
2321 808 2352 844 a
2372 807 2399 844 e
2473 809 2484 818 ··
2519 816 2523 863 g

436 878 506 925 et
551 871 809 924 cubile
851 870 1425 924 inmaculatum.
1484 874 1536 922 et
1591 870 1851 938 quomodo
1905 870 2299 937 inmaculatum,
2355 873 2398 925 si
2482 867 2523 930 ’Ξ

434 953 610 1006 anima
654 953 797 1006 uitiis
842 952 1107 1005 sordidata
1152 968 1303 1004 carne
1349 950 1738 1004 circumdatur?
1786 957 1838 1004 et
1883 952 2064 1021 culpae
2110 952 2399 1007 subiacebit
2486 955 2521 1011 {j

434 1034 601 1098 Anna,
644 1051 774 1086 uxor
814 1033 1057 1097 Elcanae‚
1101 1050 1276 1086 semen
1318 1033 1547 1085 uirorum
1587 1033 1872 1102 postulans,
1917 1039 1977 1087 ut
2016 1039 2230 1104 propter
2269 1035 2400 1088 desi·
2485 1039 2500 1046 “”

433 1116 633 1168 derium
674 1115 1004 1167 mulierculae
1050 1115 1253 1167 animae
1294 1114 1348 1166 in
1391 1114 1542 1166 caelis
1584 1114 1941 1183 periclitentur
1984 1121 2036 1168 et
2077 1133 2182 1169 una
2224 1132 2400 1170 earum
2480 1120 2488 1184 j
2518 1170 2522 1191 1

433 1202 646 1265 peccato
670 1197 840 1265 grauis
864 1196 1074 1249 labatur
1095 1194 1147 1248 in
1172 1201 1366 1248 terram
1390 1212 1449 1248 ac
1472 1195 1748 1264 pristinam
1772 1196 2154 1250 beatitudinem
2177 1198 2395 1251 deserat.
2471 1203 2494 1227 *³
2518 1192 2522 1214 ¹

438 1295 532 1330 nec
583 1278 787 1347 Moyses
820 1278 1091 1347 inprecans
1145 1283 1196 1330 et
1249 1277 1446 1330 dicens:
1501 1277 1852 1331 dominus
1905 1279 2086 1331 deus
2139 1283 2400 1332 uester

437 1359 933 1428 multiplicet
1011 1375 1140 1411 uos
1219 1363 1290 1411 et
1369 1375 1539 1411 ecce
1617 1359 1811 1412 estis
1889 1359 2117 1413 hodie
2194 1360 2401 1414 sicut

434 1440 725 1493 stellae
793 1440 993 1493 caeli
1058 1440 1130 1492 in
1196 1439 1732 1494 multitudine.
1803 1441 2153 1494 dominus
2221 1442 2400 1496 deus

434 1526 740 1590 patrum
797 1526 1239 1575 uestrorum
1305 1522 1542 1575 addat
1618 1522 1855 1587 uobiS‚
1916 1523 2124 1576 sicut
2186 1523 2398 1590 est-is,
2485 1518 2492 1561 i

434 1602 692 1655 milies
744 1607 814 1655 et
867 1603 1303 1668 benedicat,
1358 1607 1436 1656 ut
1487 1603 1801 1659 locutus
1854 1609 1982 1668 est,
2036 1604 2134 1657 hoc
2166 1604 2397 1674 petebat,

431 1688 490 1737 ut
515 1684 807 1768 animarum
831 1685 887 1737 in
914 1684 1055 1737 caelo
1081 1688 1321 1737 cateruae
1346 1690 1620 1754 peccantes
1649 1685 1955 1738 Israhelitici
1980 1685 2161 1755 populi
2185 1690 2396 1756 gentem
2476 1762 2479 1765 Ἴ

434 1766 728 1819 conderent.
753 1767 892 1835 quod
914 1783 1021 1819 esse
1041 1766 1336 1835 discrepans
1357 1767 1679 1835 apertissime
1698 1772 1862 1836 patet,
1886 1771 1962 1832 ut,
1985 1767 2076 1836 qui
2093 1783 2186 1836 pro
2209 1767 2398 1821 delicto
2476 1775 2485 1786 ²

431 1847 1047 1918 populiprecabaturzsi
1088 1847 1438 1900 dimittis
1477 1854 1881 1917 peccatum
1919 1849 2055 1901 hoc
2093 1849 2396 1918 populo,
2476 1883 2479 1890 2

433 1929 773 1993 dimitte3
841 1930 1288 1994 sinautem,
1356 1929 1523 1982 dele
1587 1947 1689 1983 me
1753 1930 1836 1982 de
1899 1929 2119 1995 libro,
2191 1946 2400 2000 quem
2475 1920 2519 1947 ”’

390 2041 393 2043 -
433 2027 455 2062 s
478 2027 504 2062 c
524 2027 550 2062 r
568 2010 586 2061 i
606 2028 639 2079 p
661 2010 722 2063 si
743 2027 765 2063 s
788 2011 862 2074 ti,
896 2010 1126 2079 postulet
1157 2009 1492 2079 multiplicari
1523 2010 1657 2064 filios
1692 2011 1908 2076 Israhe13
1945 2028 2074 2080 quos
2104 2011 2149 2064 si
2179 2016 2398 2065 nouerat
2471 2031 2486 2057 1

436 2091 728 2145 animarum
763 2092 923 2145 ruinis
961 2108 1197 2156 crescere,
1236 2106 1342 2145 non
1379 2109 1405 2144 e
1442 2093 1699 2146 contrario
1735 2097 2048 2162 precaretur,
2086 2110 2152 2147 ne
2186 2098 2400 2163 propter
2516 2136 2518 2169 3

438 2173 568 2226 uitia
611 2174 834 2226 melioris
880 2173 1206 2229 substantiae
1253 2178 1444 2227 natura
1490 2174 1640 2227 uilior
1686 2173 2030 2228 conderetur?
2090 2191 2181 2228 cur
2226 2165 2403 2228 Dauid⁴
2517 2172 2518 2176 ’

433 2255 733 2323 inprecatur
808 2256 862 2308 in
939 2255 1163 2324 psalmo:
1243 2256 1665 2310 benedicat
1741 2262 1813 2309 te
1891 2256 2241 2310 dominus
2318 2273 2401 2310 ex

438 2336 614 2390 Sion
658 2342 729 2390 et
770 2338 1057 2401 uidem,
1101 2353 1290 2405 quae
1329 2334 1523 2390 bona
1563 2343 1756 2403 sunt,
1798 2338 1870 2391 in
1910 2337 2399 2396 Hierusalem
2481 2346 2517 2380 ἐ

436 2418 789 2471 omnibus
851 2419 1123 2471 diebus
1185 2419 1398 2472 uitae
1458 2424 1636 2472 tuae
1697 2424 1767 2472 et
1845 2419 2113 2473 uideas
2173 2419 2398 2473 filios

438 2498 793 2552 filiorum
835 2505 858 2552 t
881 2518 914 2552 u
937 2517 1154 2565 orum,
1200 2501 1243 2553 si
1286 2501 1577 2554 animarum
1620 2505 1833 2570 peccato
1876 2500 2001 2554 iusti
2041 2501 2140 2554 uiri
2182 2505 2400 2570 augetur

442 2596 620 2648 genus⁹
666 2586 717 2633 et
761 2582 918 2634 audet
962 2582 1151 2635 dicere:
1198 2598 1368 2636 ecce
1427 2582 1536 2635 sic
1597 2582 2112 2636 benedicetur
2169 2582 2396 2648 hom0‚
2466 2587 2516 2616 ,³

440 2677 475 2729 q
497 2661 569 2713 ui
623 2662 757 2714 tim
779 2668 848 2715 et
905 2664 938 2715 d
961 2680 988 2716 o
1010 2664 1154 2716 min
1176 2682 1209 2716 u
1230 2681 1298 2728 m,
1340 2681 1458 2718 cum
1495 2664 1624 2717 sciat
1662 2664 1861 2732 animas
1897 2663 2255 2733 delinquentes
2291 2680 2399 2717 cor-

552 2824 573 2865 1
599 2822 652 2867 cf.
676 2822 812 2868 Hebr.
838 2825 902 2877 13,
926 2826 951 2868 4
1042 2825 1068 2868 5
1092 2825 1254 2871 *Heba
1278 2826 1342 2879 13,
1366 2828 1393 2870 4
1480 2826 1505 2870 8
1529 2825 1584 2870 of.
1609 2825 1819 2883 IReg.1‚
1843 2826 2006 2871 1o-11
2046 2834 2049 2837 ¹
2097 2826 2147 2869 11
2171 2794 2331 2870 *Dece
2353 2826 2390 2879 1,
2477 2803 2514 2856 ἒ

442 2897 607 2941 10—11
724 2898 776 2941 18
796 2897 907 2942 *Ex.
929 2899 994 2952 32,
1016 2900 1182 2944 31-32
1288 2901 1340 2944 23
1363 2900 1461 2944 Ἢ.
1487 2901 1579 2954 127,
1600 2900 1712 2944 5-e
1825 2899 1875 2944 27
1896 2900 2129 2953 Ps.127‚4
2224 2966 2226 2969 ι

553 3030 575 3072 1
599 3034 734 3087 negat
752 3044 781 3073 u
849 3031 874 3073 2
895 3031 957 3089 et]
978 3037 1030 3076 ut
1052 3047 1076 3087 ς
1131 3033 1157 3076 3
1175 3033 1323 3078 iuncte
1339 3032 1380 3076 V
1447 3035 1474 3077 4
1494 3034 1594 3079 uult
1613 3048 1692 3078 om.
1714 3047 1745 3077 u
1812 3032 2010 3092 loquitur
2028 3047 2058 3077 u
2137 3045 2228 3076 non
2246 3045 2326 3076 om.
2351 3033 2390 3078 U
2478 3039 2486 3050 ’·

442 3116 520 3147 nos
543 3103 699 3148 audiat
722 3105 762 3148 U
875 3105 900 3148 5
921 3107 1100 3162 nuptias
1122 3120 1151 3150 u
1283 3109 1309 3152 6
1327 3112 1373 3152 et
1393 3121 1539 3165 quom.
1561 3107 1669 3153 inm.
1691 3122 1772 3152 om.
1798 3110 1839 3153 U
1962 3106 2182 3165 quomodo
2203 3105 2344 3151 cubile
2362 3119 2393 3150 u
2472 3111 2483 3167 J

442 3178 469 3221 8
488 3177 694 3222 helcanae
720 3180 761 3223 U
780 3179 958 3223 elchane
982 3177 1022 3220 V
1078 3180 1203 3224 uirile
1226 3196 1250 3235 ς
1315 3180 1385 3239 ut]
1405 3186 1452 3226 et
1470 3196 1499 3226 u
1568 3184 1622 3227 10
1641 3182 1787 3240 grauis
1808 3197 1838 3226 u
1858 3181 1982 3239 graui
2001 3185 2074 3226 cet.
2141 3180 2346 3226 deserant
2362 3193 2393 3223 u
2477 3190 2482 3218 J

446 3252 494 3292 11
510 3240 900 3309 inpcassen(eaep.)t
912 3267 942 3296 u
1000 3253 1176 3298 domine
1187 3268 1218 3298 u
1277 3257 1328 3300 13
1339 3254 1629 3301 multitudine
1645 3259 1686 3302 U
1742 3256 1918 3301 domine
1942 3257 2091 3301 Ta.c.u
2147 3256 2202 3300 14
2219 3253 2392 3300 sicut-iu

445 3324 496 3367 15
517 3330 562 3369 et
582 3326 791 3383 loquutus
812 3341 842 3370 u
929 3328 982 3372 17
1002 3327 1111 3385 esse]
1131 3332 1199 3373 est
1218 3342 1248 3371 u
1335 3330 1387 3373 18
1409 3331 1730 3387 deprecabatur
1748 3345 1779 3374 u
1865 3329 2067 3375 dimittas
2089 3344 2114 3385 ς
2198 3326 2393 3374 huicVu
2498 3348 2499 3352 ¹

446 3399 499 3441 20
520 3400 718 3454 postulat
736 3414 766 3443 u
822 3400 860 3445 si
878 3415 919 3454 u,
937 3415 1014 3446 om.
1029 3405 1101 3446 cet.
1161 3403 1212 3445 21
1226 3415 1317 3447 non
1330 3417 1360 3447 u
1375 3408 1422 3448 et
1433 3418 1522 3448 non
1536 3408 1607 3449 eet.
1666 3409 1713 3450 et
1724 3419 1755 3449 u
1811 3404 1863 3449 23
1875 3404 1980 3449 deus
1993 3418 2024 3448 u
2080 3404 2129 3448 24
2149 3417 2262 3460 syon
2277 3403 2318 3448 U
2322 3400 2393 3454 Vu
2471 3403 2481 3435 Γ

442 3471 547 3515 hier.
567 3474 603 3515 T
621 3462 725 3516 ffi
741 3472 779 3515 V
799 3475 905 3519 iher.
925 3476 965 3520 U
967 3489 996 3518 u
1183 3475 1235 3520 25
1254 3480 1301 3522 et
1321 3491 1399 3522 om.
1420 3479 1460 3523 U
1646 3479 1700 3523 26
1718 3478 1854 3536 pecc]
1875 3477 2129 3535 depulsione
2147 3481 2194 3522 et
2212 3476 2352 3522 exitio
2364 3490 2392 3532 ς
2478 3476 2497 3522 ξ’

445 3551 674 3602 augeretur
687 3563 715 3590 u
830 3549 879 3593 27
902 3549 1046 3595 omnis
1066 3550 1198 3594 homo
1218 3564 1248 3593 u
2475 3551 2480 3562 ⁵
