<?xml version="1.0" encoding="UTF-8"?>
<!DOCTYPE html PUBLIC "-//W3C//DTD XHTML 1.0 Transitional//EN"
    "http://www.w3.org/TR/xhtml1/DTD/xhtml1-transitional.dtd">
<html xmlns="http://www.w3.org/1999/xhtml" xml:lang="en" lang="en">
 <head>
  <title>
</title>
<meta http-equiv="Content-Type" content="text/html;charset=utf-8" />
  <meta name='ocr-system' content='tesseract 3.04.00' />
  <meta name='ocr-capabilities' content='ocr_page ocr_carea ocr_par ocr_line ocrx_word'/>
</head>
<body>
  <div class='ocr_page' id='page_1' title='image "./corpusscriptorum55stuoft_0204.png"; bbox 0 0 2528 4186; ppageno 0'>
   <div class='ocr_carea' id='block_1_1' title="bbox 407 336 1694 408">
    <p class='ocr_par' dir='ltr' id='par_1_1' title="bbox 407 336 1694 408">
     <span class='ocr_line' id='line_1_1' title="bbox 407 336 1694 408; baseline 0.005 -20"><span class='ocrx_word' id='word_1_1' title='bbox 407 336 504 389; x_wconf 77' lang='lat'><strong>194</strong></span> <span class='ocrx_word' id='word_1_2' title='bbox 1109 349 1313 395; x_wconf 79' lang='lat' dir='ltr'><strong>Sancti</strong></span> <span class='ocrx_word' id='word_1_3' title='bbox 1343 350 1694 408; x_wconf 84' lang='lat' dir='ltr'><strong>Hieronymi</strong></span> 
     </span>
    </p>
   </div>
   <div class='ocr_carea' id='block_1_2' title="bbox 346 504 2519 2861">
    <p class='ocr_par' dir='ltr' id='par_1_2' title="bbox 410 504 2376 739">
     <span class='ocr_line' id='line_1_2' title="bbox 413 504 2376 574; baseline 0.003 -16"><span class='ocrx_word' id='word_1_4' title='bbox 413 521 614 574; x_wconf 89' lang='lat' dir='ltr'><strong>pannos</strong></span> <span class='ocrx_word' id='word_1_5' title='bbox 645 504 816 562; x_wconf 90' lang='lat' dir='ltr'><strong>nitens</strong></span> <span class='ocrx_word' id='word_1_6' title='bbox 847 522 984 559; x_wconf 92' lang='lat' dir='ltr'><strong>nouo</strong></span> <span class='ocrx_word' id='word_1_7' title='bbox 1017 510 1071 559; x_wconf 90' lang='lat' dir='ltr'><strong>et</strong></span> <span class='ocrx_word' id='word_1_8' title='bbox 1099 504 1396 563; x_wconf 84' lang='lat' dir='ltr'><strong>firmissimo</strong></span> <span class='ocrx_word' id='word_1_9' title='bbox 1429 505 1668 559; x_wconf 85' lang='lat' dir='ltr'><strong>ecclesiae</strong></span> <span class='ocrx_word' id='word_1_10' title='bbox 1701 515 1943 560; x_wconf 82' lang='lat' dir='ltr'><strong>consuere</strong></span> <span class='ocrx_word' id='word_1_11' title='bbox 1974 507 2288 563; x_wconf 87' lang='lat' dir='ltr'><strong>uestimento</strong></span> <span class='ocrx_word' id='word_1_12' title='bbox 2320 514 2376 564; x_wconf 88' lang='lat' dir='ltr'><strong>et</strong></span> 
     </span>
     <span class='ocr_line' id='line_1_3' title="bbox 410 585 2373 659; baseline 0.003 -20"><span class='ocrx_word' id='word_1_13' title='bbox 410 585 544 640; x_wconf 90' lang='lat' dir='ltr'><strong>ueris</strong></span> <span class='ocrx_word' id='word_1_14' title='bbox 584 585 717 641; x_wconf 80' lang='lat' dir='ltr'><strong>falsa</strong></span> <span class='ocrx_word' id='word_1_15' title='bbox 755 586 964 651; x_wconf 92' lang='lat' dir='ltr'><strong>sociare,</strong></span> <span class='ocrx_word' id='word_1_16' title='bbox 1005 593 1067 640; x_wconf 94' lang='lat' dir='ltr'><strong>ut</strong></span> <span class='ocrx_word' id='word_1_17' title='bbox 1107 592 1159 640; x_wconf 91' lang='lat' dir='ltr'><strong>et</strong></span> <span class='ocrx_word' id='word_1_18' title='bbox 1200 586 1406 640; x_wconf 91' lang='lat' dir='ltr'><strong>illorum</strong></span> <span class='ocrx_word' id='word_1_19' title='bbox 1446 604 1510 640; x_wconf 91' lang='lat' dir='ltr'><strong>ex</strong></span> <span class='ocrx_word' id='word_1_20' title='bbox 1549 587 1818 641; x_wconf 90' lang='lat' dir='ltr'><strong>uicinitate</strong></span> <span class='ocrx_word' id='word_1_21' title='bbox 1858 588 2086 643; x_wconf 80' lang='lat' dir='ltr'><strong>fortioris</strong></span> <span class='ocrx_word' id='word_1_22' title='bbox 2123 588 2373 659; x_wconf 79' lang='lat' dir='ltr'>probetur</span> 
     </span>
     <span class='ocr_line' id='line_1_4' title="bbox 410 667 1610 739; baseline 0.002 -19"><span class='ocrx_word' id='word_1_23' title='bbox 410 667 691 722; x_wconf 80' lang='lat' dir='ltr'><strong>infirmitas</strong></span> <span class='ocrx_word' id='word_1_24' title='bbox 726 674 781 722; x_wconf 94' lang='lat' dir='ltr'><strong>et</strong></span> <span class='ocrx_word' id='word_1_25' title='bbox 814 669 967 722; x_wconf 90' lang='lat' dir='ltr'><strong>huius</strong></span> <span class='ocrx_word' id='word_1_26' title='bbox 1001 667 1334 739; x_wconf 80' lang='lat' dir='ltr'><strong>pulchritudo</strong></span> <span class='ocrx_word' id='word_1_27' title='bbox 1370 667 1610 722; x_wconf 88' lang='lat' dir='ltr'><strong>uioletur.</strong></span> 
     </span>
    </p>

    <p class='ocr_par' dir='ltr' id='par_1_3' title="bbox 405 748 2458 1637">
     <span class='ocr_line' id='line_1_5' title="bbox 543 748 2370 821; baseline 0.002 -18"><span class='ocrx_word' id='word_1_28' title='bbox 543 750 623 803; x_wconf 89' lang='lat'><strong>10.</strong></span> <span class='ocrx_word' id='word_1_29' title='bbox 668 749 810 813; x_wconf 85' lang='lat' dir='ltr'><strong>Quae</strong></span> <span class='ocrx_word' id='word_1_30' title='bbox 844 750 982 804; x_wconf 92' lang='lat' dir='ltr'><strong>enim</strong></span> <span class='ocrx_word' id='word_1_31' title='bbox 1013 749 1161 804; x_wconf 84' lang='lat' dir='ltr'><strong>illum</strong></span> <span class='ocrx_word' id='word_1_32' title='bbox 1190 748 1342 815; x_wconf 88' lang='lat' dir='ltr'><strong>ratio,</strong></span> <span class='ocrx_word' id='word_1_33' title='bbox 1380 749 1469 818; x_wconf 91' lang='lat' dir='ltr'><strong>qui</strong></span> <span class='ocrx_word' id='word_1_34' title='bbox 1500 749 1918 819; x_wconf 78' lang='lat' dir='ltr'><strong>disputationum</strong></span> <span class='ocrx_word' id='word_1_35' title='bbox 1951 751 2074 806; x_wconf 91' lang='lat' dir='ltr'><strong>ordo</strong></span> <span class='ocrx_word' id='word_1_36' title='bbox 2107 752 2370 821; x_wconf 87' lang='lat' dir='ltr'><strong>perduxit,</strong></span> 
     </span>
     <span class='ocr_line' id='line_1_6' title="bbox 408 830 2429 901; baseline 0.002 -18"><span class='ocrx_word' id='word_1_37' title='bbox 408 835 470 884; x_wconf 93' lang='lat' dir='ltr'><strong>ut</strong></span> <span class='ocrx_word' id='word_1_38' title='bbox 495 830 766 900; x_wconf 79' lang='lat' dir='ltr'><strong>allegoriae</strong></span> <span class='ocrx_word' id='word_1_39' title='bbox 791 831 987 885; x_wconf 89' lang='lat' dir='ltr'><strong>umbris</strong></span> <span class='ocrx_word' id='word_1_40' title='bbox 1015 837 1068 885; x_wconf 92' lang='lat' dir='ltr'><strong>et</strong></span> <span class='ocrx_word' id='word_1_41' title='bbox 1094 831 1250 887; x_wconf 86' lang='lat' dir='ltr'><strong>cassis</strong></span> <span class='ocrx_word' id='word_1_42' title='bbox 1274 831 1586 901; x_wconf 83' lang='lat' dir='ltr'><strong>imaginibus</strong></span> <span class='ocrx_word' id='word_1_43' title='bbox 1612 832 1986 901; x_wconf 90' lang='lat' dir='ltr'><strong>scripturarum</strong></span> <span class='ocrx_word' id='word_1_44' title='bbox 2011 832 2218 890; x_wconf 84' lang='lat' dir='ltr'><strong>tolleret</strong></span> <span class='ocrx_word' id='word_1_45' title='bbox 2242 834 2374 888; x_wconf 85' lang='lat' dir='ltr'><strong>ueri·</strong></span> <span class='ocrx_word' id='word_1_46' title='bbox 2406 848 2429 887; x_wconf 99' lang='grc'><strong>5</strong></span> 
     </span>
     <span class='ocr_line' id='line_1_7' title="bbox 409 912 2375 984; baseline 0.002 -17"><span class='ocrx_word' id='word_1_47' title='bbox 409 912 616 968; x_wconf 87' lang='lat' dir='ltr'><strong>tatem?</strong></span> <span class='ocrx_word' id='word_1_48' title='bbox 683 913 797 982; x_wconf 90' lang='lat' dir='ltr'><strong>quis</strong></span> <span class='ocrx_word' id='word_1_49' title='bbox 821 914 1080 984; x_wconf 85' lang='lat' dir='ltr'><strong>propheta</strong></span> <span class='ocrx_word' id='word_1_50' title='bbox 1103 912 1294 968; x_wconf 88' lang='lat' dir='ltr'><strong>sentire</strong></span> <span class='ocrx_word' id='word_1_51' title='bbox 1319 912 1499 966; x_wconf 87' lang='lat' dir='ltr'><strong>docuit</strong></span> <span class='ocrx_word' id='word_1_52' title='bbox 1525 912 1590 965; x_wconf 95' lang='lat' dir='ltr'><strong>ob</strong></span> <span class='ocrx_word' id='word_1_53' title='bbox 1614 912 1788 982; x_wconf 90' lang='lat' dir='ltr'><strong>lapsus</strong></span> <span class='ocrx_word' id='word_1_54' title='bbox 1814 913 1878 967; x_wconf 91' lang='lat' dir='ltr'><strong>de</strong></span> <span class='ocrx_word' id='word_1_55' title='bbox 1905 913 2057 968; x_wconf 88' lang='lat' dir='ltr'><strong>caelis</strong></span> <span class='ocrx_word' id='word_1_56' title='bbox 2082 915 2375 970; x_wconf 89' lang='lat' dir='ltr'><strong>animarum</strong></span> 
     </span>
     <span class='ocr_line' id='line_1_8' title="bbox 409 993 2373 1065; baseline 0.003 -18"><span class='ocrx_word' id='word_1_57' title='bbox 409 994 567 1047; x_wconf 93' lang='lat' dir='ltr'><strong>deum</strong></span> <span class='ocrx_word' id='word_1_58' title='bbox 589 1011 697 1050; x_wconf 89' lang='lat' dir='ltr'><strong>esse</strong></span> <span class='ocrx_word' id='word_1_59' title='bbox 719 995 1027 1065; x_wconf 90' lang='lat' dir='ltr'><strong>conpulsum</strong></span> <span class='ocrx_word' id='word_1_60' title='bbox 1050 1011 1266 1064; x_wconf 90' lang='lat' dir='ltr'><strong>corpora</strong></span> <span class='ocrx_word' id='word_1_61' title='bbox 1284 993 1575 1047; x_wconf 83' lang='lat' dir='ltr'><strong>fabricare?</strong></span> <span class='ocrx_word' id='word_1_62' title='bbox 1620 994 1732 1065; x_wconf 92' lang='lat' dir='ltr'><strong>quis</strong></span> <span class='ocrx_word' id='word_1_63' title='bbox 1773 995 1923 1049; x_wconf 87' lang='lat' dir='ltr'><strong>iuxta</strong></span> <span class='ocrx_word' id='word_1_64' title='bbox 1941 996 2158 1051; x_wconf 91' lang='lat' dir='ltr'><strong>beatum</strong></span> <span class='ocrx_word' id='word_1_65' title='bbox 2178 998 2373 1052; x_wconf 86' lang='lat' dir='ltr'><strong>Lucam</strong></span> 
     </span>
     <span class='ocr_line' id='line_1_9' title="bbox 407 1075 2376 1146; baseline 0.002 -16"><span class='ocrx_word' id='word_1_66' title='bbox 407 1092 604 1141; x_wconf 89' lang='lat' dir='ltr'><strong>eorum,</strong></span> <span class='ocrx_word' id='word_1_67' title='bbox 671 1076 798 1146; x_wconf 93' lang='lat' dir='ltr'><strong>qui</strong></span> <span class='ocrx_word' id='word_1_68' title='bbox 861 1077 1235 1130; x_wconf 90' lang='lat' dir='ltr'><strong>uiderunt</strong></span> <span class='ocrx_word' id='word_1_69' title='bbox 1298 1081 1370 1128; x_wconf 92' lang='lat' dir='ltr'><strong>et</strong></span> <span class='ocrx_word' id='word_1_70' title='bbox 1431 1075 1786 1131; x_wconf 89' lang='lat' dir='ltr'><strong>ministri</strong></span> <span class='ocrx_word' id='word_1_71' title='bbox 1849 1077 2174 1132; x_wconf 78' lang='lat' dir='ltr'><strong>fuerunt</strong></span> <span class='ocrx_word' id='word_1_72' title='bbox 2238 1095 2376 1133; x_wconf 88' lang='lat' dir='ltr'><strong>ser-</strong></span> 
     </span>
     <span class='ocr_line' id='line_1_10' title="bbox 407 1157 2373 1227; baseline 0.002 -17"><span class='ocrx_word' id='word_1_73' title='bbox 407 1174 462 1210; x_wconf 94' lang='lat' dir='ltr'><strong>m</strong></span> <span class='ocrx_word' id='word_1_74' title='bbox 483 1174 512 1210; x_wconf 96' lang='lat' dir='ltr'><strong>o</strong></span> <span class='ocrx_word' id='word_1_75' title='bbox 532 1172 568 1210; x_wconf 92' lang='lat' dir='ltr'><strong>n</strong></span> <span class='ocrx_word' id='word_1_76' title='bbox 589 1157 607 1210; x_wconf 88' lang='lat' dir='ltr'><strong>i</strong></span> <span class='ocrx_word' id='word_1_77' title='bbox 626 1174 649 1211; x_wconf 92' lang='lat' dir='ltr'><strong>s</strong></span> <span class='ocrx_word' id='word_1_78' title='bbox 688 1157 786 1222; x_wconf 90' lang='lat' dir='ltr'><strong>dei,</strong></span> <span class='ocrx_word' id='word_1_79' title='bbox 826 1157 948 1211; x_wconf 91' lang='lat' dir='ltr'><strong>huic</strong></span> <span class='ocrx_word' id='word_1_80' title='bbox 986 1157 1207 1211; x_wconf 88' lang='lat' dir='ltr'><strong>tradidit</strong></span> <span class='ocrx_word' id='word_1_81' title='bbox 1245 1157 1311 1210; x_wconf 89' lang='lat' dir='ltr'><strong>ad</strong></span> <span class='ocrx_word' id='word_1_82' title='bbox 1348 1157 1642 1211; x_wconf 90' lang='lat' dir='ltr'><strong>docendum</strong></span> <span class='ocrx_word' id='word_1_83' title='bbox 1679 1158 2004 1227; x_wconf 78' lang='lat' dir='ltr'><strong>neglegentia</strong></span> <span class='ocrx_word' id='word_1_84' title='bbox 2040 1165 2093 1213; x_wconf 93' lang='lat' dir='ltr'><strong>et</strong></span> <span class='ocrx_word' id='word_1_85' title='bbox 2129 1164 2280 1216; x_wconf 85' lang='lat' dir='ltr'><strong>motu</strong></span> <span class='ocrx_word' id='word_1_86' title='bbox 2317 1166 2373 1214; x_wconf 92' lang='lat' dir='ltr'><strong>et</strong></span> 
     </span>
     <span class='ocr_line' id='line_1_11' title="bbox 405 1237 2474 1309; baseline 0.002 -19"><span class='ocrx_word' id='word_1_87' title='bbox 405 1237 557 1291; x_wconf 79' lang='lat' dir='ltr'><strong>fluxu</strong></span> <span class='ocrx_word' id='word_1_88' title='bbox 594 1239 658 1292; x_wconf 91' lang='lat' dir='ltr'><strong>de</strong></span> <span class='ocrx_word' id='word_1_89' title='bbox 698 1238 968 1293; x_wconf 82' lang='lat' dir='ltr'><strong>altioribus</strong></span> <span class='ocrx_word' id='word_1_90' title='bbox 1005 1238 1398 1292; x_wconf 85' lang='lat' dir='ltr'><strong>rationabilium</strong></span> <span class='ocrx_word' id='word_1_91' title='bbox 1437 1244 1792 1293; x_wconf 88' lang='lat' dir='ltr'><strong>creaturarum</strong></span> <span class='ocrx_word' id='word_1_92' title='bbox 1829 1246 2174 1309; x_wconf 90' lang='lat' dir='ltr'><strong>prouocatum</strong></span> <span class='ocrx_word' id='word_1_93' title='bbox 2211 1242 2371 1297; x_wconf 90' lang='lat' dir='ltr'><strong>deum</strong></span> <span class='ocrx_word' id='word_1_94' title='bbox 2406 1257 2474 1297; x_wconf 85' lang='grc'><strong>10</strong></span> 
     </span>
     <span class='ocr_line' id='line_1_12' title="bbox 406 1319 2372 1393; baseline 0.003 -20"><span class='ocrx_word' id='word_1_95' title='bbox 406 1319 591 1374; x_wconf 92' lang='lat' dir='ltr'><strong>mundi</strong></span> <span class='ocrx_word' id='word_1_96' title='bbox 626 1321 779 1374; x_wconf 88' lang='lat' dir='ltr'><strong>huius</strong></span> <span class='ocrx_word' id='word_1_97' title='bbox 819 1321 1036 1374; x_wconf 89' lang='lat' dir='ltr'><strong>condere</strong></span> <span class='ocrx_word' id='word_1_98' title='bbox 1086 1320 1462 1384; x_wconf 88' lang='lat' dir='ltr'><strong>diuersitatem‚</strong></span> <span class='ocrx_word' id='word_1_99' title='bbox 1515 1336 1633 1374; x_wconf 89' lang='lat' dir='ltr'><strong>cum</strong></span> <span class='ocrx_word' id='word_1_100' title='bbox 1671 1321 1985 1375; x_wconf 81' lang='lat' dir='ltr'><strong>creationem</strong></span> <span class='ocrx_word' id='word_1_101' title='bbox 2023 1322 2131 1376; x_wconf 89' lang='lat' dir='ltr'><strong>eius</strong></span> <span class='ocrx_word' id='word_1_102' title='bbox 2168 1322 2372 1393; x_wconf 82' lang='lat' dir='ltr'><strong>Moyses</strong></span> 
     </span>
     <span class='ocr_line' id='line_1_13' title="bbox 406 1395 2376 1478; baseline 0.003 -24"><span class='ocrx_word' id='word_1_103' title='bbox 406 1401 670 1470; x_wconf 86' lang='lat' dir='ltr'><strong>explicans</strong></span> <span class='ocrx_word' id='word_1_104' title='bbox 734 1395 874 1467; x_wconf 80' lang='lat' dir='ltr'><strong>(nec)</strong></span> <span class='ocrx_word' id='word_1_105' title='bbox 940 1402 1130 1455; x_wconf 84' lang='lat' dir='ltr'><strong>dixerit</strong></span> <span class='ocrx_word' id='word_1_106' title='bbox 1177 1418 1272 1456; x_wconf 90' lang='lat' dir='ltr'><strong>nec</strong></span> <span class='ocrx_word' id='word_1_107' title='bbox 1319 1401 1630 1455; x_wconf 87' lang='lat' dir='ltr'><strong>indicauerit</strong></span> <span class='ocrx_word' id='word_1_108' title='bbox 1684 1409 1897 1472; x_wconf 90' lang='lat' dir='ltr'><strong>propter</strong></span> <span class='ocrx_word' id='word_1_109' title='bbox 1946 1415 2127 1462; x_wconf 89' lang='lat' dir='ltr'><strong>causas</strong></span> <span class='ocrx_word' id='word_1_110' title='bbox 2173 1405 2376 1478; x_wconf 85' lang='lat' dir='ltr'><strong>aliquas</strong></span> 
     </span>
     <span class='ocr_line' id='line_1_14' title="bbox 406 1479 2374 1552; baseline 0.003 -16"><span class='ocrx_word' id='word_1_111' title='bbox 406 1484 774 1552; x_wconf 89' lang='lat' dir='ltr'><strong>praecedentes</strong></span> <span class='ocrx_word' id='word_1_112' title='bbox 810 1484 874 1536; x_wconf 93' lang='lat' dir='ltr'><strong>de</strong></span> <span class='ocrx_word' id='word_1_113' title='bbox 907 1479 1330 1539; x_wconf 85' lang='lat' dir='ltr'><strong>rationabilibus</strong></span> <span class='ocrx_word' id='word_1_114' title='bbox 1342 1482 1618 1548; x_wconf 90' lang='lat' dir='ltr'><strong>sensibilia,</strong></span> <span class='ocrx_word' id='word_1_115' title='bbox 1656 1484 1719 1537; x_wconf 92' lang='lat' dir='ltr'><strong>de</strong></span> <span class='ocrx_word' id='word_1_116' title='bbox 1753 1483 2099 1540; x_wconf 91' lang='lat' dir='ltr'><strong>inuisibilibus</strong></span> <span class='ocrx_word' id='word_1_117' title='bbox 2134 1485 2374 1552; x_wconf 88' lang='lat' dir='ltr'><strong>uisibilia‚</strong></span> 
     </span>
     <span class='ocr_line' id='line_1_15' title="bbox 405 1562 2371 1637; baseline 0.003 -20"><span class='ocrx_word' id='word_1_118' title='bbox 405 1562 470 1617; x_wconf 95' lang='grc'><strong>(16</strong></span> <span class='ocrx_word' id='word_1_119' title='bbox 497 1564 795 1620; x_wconf 90' lang='lat' dir='ltr'><strong>melioribus</strong></span> <span class='ocrx_word' id='word_1_120' title='bbox 826 1565 1002 1634; x_wconf 91' lang='lat' dir='ltr'><strong>peiora</strong></span> <span class='ocrx_word' id='word_1_121' title='bbox 1029 1565 1251 1635; x_wconf 90' lang='lat' dir='ltr'><strong>prolata,</strong></span> <span class='ocrx_word' id='word_1_122' title='bbox 1285 1565 1425 1635; x_wconf 91' lang='lat' dir='ltr'><strong>quod</strong></span> <span class='ocrx_word' id='word_1_123' title='bbox 1455 1565 1778 1634; x_wconf 90' lang='lat' dir='ltr'><strong>apertissime</strong></span> <span class='ocrx_word' id='word_1_124' title='bbox 1800 1566 2045 1636; x_wconf 87' lang='lat' dir='ltr'><strong>Origenes</strong></span> <span class='ocrx_word' id='word_1_125' title='bbox 2073 1567 2371 1637; x_wconf 81' lang='lat' dir='ltr'><strong>praedicat?</strong></span> 
     </span>
    </p>

    <p class='ocr_par' dir='ltr' id='par_1_4' title="bbox 348 1645 2506 2131">
     <span class='ocr_line' id='line_1_16' title="bbox 348 1645 2505 1716; baseline 0.003 -18"><span class='ocrx_word' id='word_1_126' title='bbox 348 1661 371 1698; x_wconf 86' lang='lat'>2</span> <span class='ocrx_word' id='word_1_127' title='bbox 406 1645 535 1699; x_wconf 91' lang='lat' dir='ltr'><strong>dicit</strong></span> <span class='ocrx_word' id='word_1_128' title='bbox 578 1645 716 1701; x_wconf 90' lang='lat' dir='ltr'><strong>enim</strong></span> <span class='ocrx_word' id='word_1_129' title='bbox 758 1653 970 1716; x_wconf 91' lang='lat' dir='ltr'><strong>propter</strong></span> <span class='ocrx_word' id='word_1_130' title='bbox 1013 1652 1230 1716; x_wconf 90' lang='lat' dir='ltr'><strong>peccata</strong></span> <span class='ocrx_word' id='word_1_131' title='bbox 1270 1646 1673 1716; x_wconf 83' lang='lat' dir='ltr'><strong>intelligibilium</strong></span> <span class='ocrx_word' id='word_1_132' title='bbox 1714 1655 2072 1703; x_wconf 89' lang='lat' dir='ltr'><strong>creaturarum</strong></span> <span class='ocrx_word' id='word_1_133' title='bbox 2112 1650 2371 1704; x_wconf 88' lang='lat' dir='ltr'><strong>mundum</strong></span> <span class='ocrx_word' id='word_1_134' title='bbox 2406 1647 2505 1703; x_wconf 66' lang='lat'><strong>151²</strong></span> 
     </span>
     <span class='ocr_line' id='line_1_17' title="bbox 405 1727 2372 1800; baseline 0.003 -19"><span class='ocrx_word' id='word_1_135' title='bbox 405 1745 513 1786; x_wconf 81' lang='lat' dir='ltr'><strong>esse</strong></span> <span class='ocrx_word' id='word_1_136' title='bbox 541 1728 767 1798; x_wconf 85' lang='lat' dir='ltr'><strong>coepisse</strong></span> <span class='ocrx_word' id='word_1_137' title='bbox 793 1728 972 1783; x_wconf 91' lang='lat' dir='ltr'><strong>nolens</strong></span> <span class='ocrx_word' id='word_1_138' title='bbox 999 1729 1194 1798; x_wconf 89' lang='lat' dir='ltr'><strong>pascha</strong></span> <span class='ocrx_word' id='word_1_139' title='bbox 1219 1727 1475 1782; x_wconf 88' lang='lat' dir='ltr'><strong>celebrare</strong></span> <span class='ocrx_word' id='word_1_140' title='bbox 1503 1745 1622 1782; x_wconf 89' lang='lat' dir='ltr'><strong>cum</strong></span> <span class='ocrx_word' id='word_1_141' title='bbox 1648 1729 1842 1784; x_wconf 90' lang='lat' dir='ltr'><strong>sanctis</strong></span> <span class='ocrx_word' id='word_1_142' title='bbox 1867 1747 2034 1800; x_wconf 92' lang='lat' dir='ltr'><strong>neque</strong></span> <span class='ocrx_word' id='word_1_143' title='bbox 2063 1747 2181 1785; x_wconf 91' lang='lat' dir='ltr'><strong>cum</strong></span> <span class='ocrx_word' id='word_1_144' title='bbox 2207 1731 2372 1786; x_wconf 86' lang='lat' dir='ltr'><strong>Paulo</strong></span> 
     </span>
     <span class='ocr_line' id='line_1_18' title="bbox 404 1809 2367 1882; baseline 0.003 -20"><span class='ocrx_word' id='word_1_145' title='bbox 404 1809 597 1863; x_wconf 83' lang='lat' dir='ltr'><strong>dicere:</strong></span> <span class='ocrx_word' id='word_1_146' title='bbox 660 1810 1125 1864; x_wconf 89' lang='lat' dir='ltr'><strong>inuisibilia</strong></span> <span class='ocrx_word' id='word_1_147' title='bbox 1165 1810 1250 1863; x_wconf 92' lang='lat' dir='ltr'><strong>dei</strong></span> <span class='ocrx_word' id='word_1_148' title='bbox 1310 1828 1342 1864; x_wconf 91' lang='lat' dir='ltr'><strong>a</strong></span> <span class='ocrx_word' id='word_1_149' title='bbox 1382 1816 1748 1865; x_wconf 89' lang='lat' dir='ltr'><strong>creatura</strong></span> <span class='ocrx_word' id='word_1_150' title='bbox 1805 1812 2063 1866; x_wconf 89' lang='lat' dir='ltr'><strong>mundi</strong></span> <span class='ocrx_word' id='word_1_151' title='bbox 2104 1829 2232 1882; x_wconf 90' lang='lat' dir='ltr'><strong>per</strong></span> <span class='ocrx_word' id='word_1_152' title='bbox 2273 1830 2367 1879; x_wconf 84' lang='lat' dir='ltr'><strong>ea,</strong></span> 
     </span>
     <span class='ocr_line' id='line_1_19' title="bbox 405 1891 2376 1963; baseline 0.003 -19"><span class='ocrx_word' id='word_1_153' title='bbox 405 1892 850 1960; x_wconf 80' lang='lat' dir='ltr'><strong>quaefacta</strong></span> <span class='ocrx_word' id='word_1_154' title='bbox 891 1898 1085 1957; x_wconf 85' lang='lat' dir='ltr'><strong>sunt,</strong></span> <span class='ocrx_word' id='word_1_155' title='bbox 1133 1891 1565 1946; x_wconf 90' lang='lat' dir='ltr'><strong>intellecta</strong></span> <span class='ocrx_word' id='word_1_156' title='bbox 1606 1893 2218 1963; x_wconf 88' lang='lat' dir='ltr'><strong>conspiciuntur</strong></span> <span class='ocrx_word' id='word_1_157' title='bbox 2279 1911 2376 1949; x_wconf 90' lang='lat' dir='ltr'><strong>nec</strong></span> 
     </span>
     <span class='ocr_line' id='line_1_20' title="bbox 406 1973 2503 2046; baseline 0.002 -20"><span class='ocrx_word' id='word_1_158' title='bbox 406 1988 524 2026; x_wconf 91' lang='lat' dir='ltr'><strong>cum</strong></span> <span class='ocrx_word' id='word_1_159' title='bbox 570 1974 829 2044; x_wconf 90' lang='lat' dir='ltr'><strong>propheta</strong></span> <span class='ocrx_word' id='word_1_160' title='bbox 873 1973 1168 2027; x_wconf 78' lang='lat' dir='ltr'><strong>uociferari:</strong></span> <span class='ocrx_word' id='word_1_161' title='bbox 1236 1973 1744 2028; x_wconf 87' lang='lat' dir='ltr'><strong>consideraui</strong></span> <span class='ocrx_word' id='word_1_162' title='bbox 1810 1991 2042 2044; x_wconf 91' lang='lat' dir='ltr'><strong>opera</strong></span> <span class='ocrx_word' id='word_1_163' title='bbox 2105 1981 2238 2031; x_wconf 84' lang='lat' dir='ltr'><strong>tua</strong></span> <span class='ocrx_word' id='word_1_164' title='bbox 2299 1981 2372 2030; x_wconf 91' lang='lat' dir='ltr'><strong>et</strong></span> <span class='ocrx_word' id='word_1_165' title='bbox 2490 2023 2503 2046; x_wconf 26' lang='grc' dir='ltr'><strong>Δ,</strong></span> 
     </span>
     <span class='ocr_line' id='line_1_21' title="bbox 405 2054 2479 2125; baseline 0.001 -18"><span class='ocrx_word' id='word_1_166' title='bbox 405 2071 433 2107; x_wconf 96' lang='grc'>0</span> <span class='ocrx_word' id='word_1_167' title='bbox 454 2054 488 2106; x_wconf 89' lang='grc'><strong>10</strong></span> <span class='ocrx_word' id='word_1_168' title='bbox 510 2071 533 2108; x_wconf 89' lang='lat' dir='ltr'><strong>s</strong></span> <span class='ocrx_word' id='word_1_169' title='bbox 554 2060 579 2107; x_wconf 93' lang='lat' dir='ltr'><strong>t</strong></span> <span class='ocrx_word' id='word_1_170' title='bbox 598 2073 633 2108; x_wconf 93' lang='lat' dir='ltr'><strong>u</strong></span> <span class='ocrx_word' id='word_1_171' title='bbox 653 2072 687 2124; x_wconf 93' lang='lat' dir='ltr'><strong>p</strong></span> <span class='ocrx_word' id='word_1_172' title='bbox 708 2073 743 2109; x_wconf 93' lang='lat' dir='ltr'><strong>u</strong></span> <span class='ocrx_word' id='word_1_173' title='bbox 764 2055 797 2109; x_wconf 93' lang='lat' dir='ltr'><strong>i.</strong></span> <span class='ocrx_word' id='word_1_174' title='bbox 838 2055 988 2109; x_wconf 88' lang='lat' dir='ltr'><strong>aliter</strong></span> <span class='ocrx_word' id='word_1_175' title='bbox 1007 2055 1145 2109; x_wconf 92' lang='lat' dir='ltr'><strong>enim</strong></span> <span class='ocrx_word' id='word_1_176' title='bbox 1161 2055 1346 2109; x_wconf 89' lang='lat' dir='ltr'><strong>mundi</strong></span> <span class='ocrx_word' id='word_1_177' title='bbox 1364 2055 1696 2125; x_wconf 91' lang='lat' dir='ltr'><strong>pulchritudo</strong></span> <span class='ocrx_word' id='word_1_178' title='bbox 1716 2056 1996 2115; x_wconf 89' lang='lat' dir='ltr'><strong>subsistere</strong></span> <span class='ocrx_word' id='word_1_179' title='bbox 2014 2074 2120 2111; x_wconf 94' lang='lat' dir='ltr'><strong>non</strong></span> <span class='ocrx_word' id='word_1_180' title='bbox 2139 2057 2367 2124; x_wconf 87' lang='lat' dir='ltr'><strong>ualebat,</strong></span> <span class='ocrx_word' id='word_1_181' title='bbox 2402 2073 2457 2112; x_wconf 79' lang='lat'><strong>20</strong></span> <span class='ocrx_word' id='word_1_182' title='bbox 2470 2078 2501 2124; x_wconf 50' lang='lat' dir='ltr'><strong>¹-s</strong></span> 
     </span>
    </p>

    <p class='ocr_par' dir='ltr' id='par_1_5' title="bbox 347 2136 2520 2617">
     <span class='ocr_line' id='line_1_22' title="bbox 347 2136 2366 2209; baseline 0.002 -21"><span class='ocrx_word' id='word_1_183' title='bbox 347 2149 369 2187; x_wconf 75' lang='lat' dir='ltr'><strong>a</strong></span> <span class='ocrx_word' id='word_1_184' title='bbox 403 2136 503 2189; x_wconf 92' lang='lat' dir='ltr'><strong>nisi</strong></span> <span class='ocrx_word' id='word_1_185' title='bbox 528 2154 647 2190; x_wconf 88' lang='lat' dir='ltr'><strong>eum</strong></span> <span class='ocrx_word' id='word_1_186' title='bbox 672 2138 846 2194; x_wconf 87' lang='lat' dir='ltr'><strong>uarius</strong></span> <span class='ocrx_word' id='word_1_187' title='bbox 872 2142 1227 2193; x_wconf 88' lang='lat' dir='ltr'><strong>creaturarum</strong></span> <span class='ocrx_word' id='word_1_188' title='bbox 1251 2136 1499 2206; x_wconf 92' lang='lat' dir='ltr'><strong>inplesset</strong></span> <span class='ocrx_word' id='word_1_189' title='bbox 1525 2143 1756 2193; x_wconf 90' lang='lat' dir='ltr'><strong>ornatus.</strong></span> <span class='ocrx_word' id='word_1_190' title='bbox 1801 2138 2023 2209; x_wconf 88' lang='lat' dir='ltr'><strong>denique</strong></span> <span class='ocrx_word' id='word_1_191' title='bbox 2049 2138 2127 2194; x_wconf 93' lang='lat' dir='ltr'><strong>sol</strong></span> <span class='ocrx_word' id='word_1_192' title='bbox 2150 2144 2204 2192; x_wconf 93' lang='lat' dir='ltr'><strong>et</strong></span> <span class='ocrx_word' id='word_1_193' title='bbox 2227 2139 2366 2206; x_wconf 89' lang='lat' dir='ltr'><strong>luna,</strong></span> 
     </span>
     <span class='ocr_line' id='line_1_23' title="bbox 404 2218 2371 2291; baseline 0.003 -21"><span class='ocrx_word' id='word_1_194' title='bbox 404 2218 506 2271; x_wconf 92' lang='lat' dir='ltr'><strong>duo</strong></span> <span class='ocrx_word' id='word_1_195' title='bbox 537 2235 729 2289; x_wconf 90' lang='lat' dir='ltr'><strong>magna</strong></span> <span class='ocrx_word' id='word_1_196' title='bbox 757 2218 1048 2285; x_wconf 87' lang='lat' dir='ltr'><strong>luminaria,</strong></span> <span class='ocrx_word' id='word_1_197' title='bbox 1082 2224 1136 2273; x_wconf 94' lang='lat' dir='ltr'><strong>et</strong></span> <span class='ocrx_word' id='word_1_198' title='bbox 1166 2218 1344 2273; x_wconf 88' lang='lat' dir='ltr'><strong>stellae</strong></span> <span class='ocrx_word' id='word_1_199' title='bbox 1373 2219 1618 2288; x_wconf 82' lang='lat' dir='ltr'><strong>reliquae,</strong></span> <span class='ocrx_word' id='word_1_200' title='bbox 1653 2226 1939 2291; x_wconf 88' lang='lat' dir='ltr'><strong>antequam</strong></span> <span class='ocrx_word' id='word_1_201' title='bbox 1966 2221 2067 2275; x_wconf 91' lang='lat' dir='ltr'><strong>hoc</strong></span> <span class='ocrx_word' id='word_1_202' title='bbox 2096 2226 2282 2287; x_wconf 87' lang='lat' dir='ltr'><strong>essent,</strong></span> <span class='ocrx_word' id='word_1_203' title='bbox 2315 2221 2371 2276; x_wconf 89' lang='lat' dir='ltr'><strong>in</strong></span> 
     </span>
     <span class='ocr_line' id='line_1_24' title="bbox 405 2300 2371 2370; baseline 0.003 -18"><span class='ocrx_word' id='word_1_204' title='bbox 405 2300 546 2370; x_wconf 94' lang='lat' dir='ltr'><strong>quod</strong></span> <span class='ocrx_word' id='word_1_205' title='bbox 593 2317 679 2354; x_wconf 89' lang='lat' dir='ltr'><strong>eas</strong></span> <span class='ocrx_word' id='word_1_206' title='bbox 726 2306 926 2355; x_wconf 89' lang='lat' dir='ltr'><strong>creatas</strong></span> <span class='ocrx_word' id='word_1_207' title='bbox 974 2300 1223 2354; x_wconf 87' lang='lat' dir='ltr'><strong>cotidiani</strong></span> <span class='ocrx_word' id='word_1_208' title='bbox 1270 2317 1447 2356; x_wconf 90' lang='lat' dir='ltr'><strong>cursus</strong></span> <span class='ocrx_word' id='word_1_209' title='bbox 1494 2306 1720 2355; x_wconf 88' lang='lat' dir='ltr'><strong>testatur</strong></span> <span class='ocrx_word' id='word_1_210' title='bbox 1768 2302 2016 2368; x_wconf 80' lang='lat' dir='ltr'><strong>officium,</strong></span> <span class='ocrx_word' id='word_1_211' title='bbox 2065 2318 2171 2357; x_wconf 91' lang='lat' dir='ltr'><strong>non</strong></span> <span class='ocrx_word' id='word_1_212' title='bbox 2217 2308 2371 2357; x_wconf 87' lang='lat' dir='ltr'><strong>erant</strong></span> 
     </span>
     <span class='ocr_line' id='line_1_25' title="bbox 404 2381 2519 2454; baseline 0.001 -19"><span class='ocrx_word' id='word_1_213' title='bbox 404 2381 600 2452; x_wconf 91' lang='lat' dir='ltr'><strong>absque</strong></span> <span class='ocrx_word' id='word_1_214' title='bbox 619 2382 917 2451; x_wconf 86' lang='lat' dir='ltr'><strong>corporibus</strong></span> <span class='ocrx_word' id='word_1_215' title='bbox 933 2398 1029 2435; x_wconf 91' lang='lat' dir='ltr'><strong>nec</strong></span> <span class='ocrx_word' id='word_1_216' title='bbox 1043 2388 1256 2452; x_wconf 87' lang='lat' dir='ltr'><strong>propter</strong></span> <span class='ocrx_word' id='word_1_217' title='bbox 1273 2382 1473 2453; x_wconf 85' lang='lat' dir='ltr'><strong>aliquas</strong></span> <span class='ocrx_word' id='word_1_218' title='bbox 1492 2399 1671 2440; x_wconf 90' lang='lat' dir='ltr'><strong>causas</strong></span> <span class='ocrx_word' id='word_1_219' title='bbox 1689 2383 2078 2453; x_wconf 89' lang='lat' dir='ltr'><strong>simplicitatem</strong></span> <span class='ocrx_word' id='word_1_220' title='bbox 2094 2384 2370 2454; x_wconf 76' lang='lat' dir='ltr'><strong>pristinam</strong></span> <span class='ocrx_word' id='word_1_221' title='bbox 2492 2429 2495 2453; x_wconf 74' lang='lat'><strong><em>;</em></strong></span> <span class='ocrx_word' id='word_1_222' title='bbox 2518 2434 2519 2437; x_wconf 74' lang='grc'>,</span> 
     </span>
     <span class='ocr_line' id='line_1_26' title="bbox 400 2462 2450 2534; baseline 0.002 -20"><span class='ocrx_word' id='word_1_223' title='bbox 400 2462 749 2532; x_wconf 86' lang='lat' dir='ltr'><strong>relinquentes</strong></span> <span class='ocrx_word' id='word_1_224' title='bbox 778 2464 1077 2534; x_wconf 90' lang='lat' dir='ltr'><strong>corporibus</strong></span> <span class='ocrx_word' id='word_1_225' title='bbox 1106 2463 1456 2518; x_wconf 88' lang='lat' dir='ltr'><strong>circumdatae</strong></span> <span class='ocrx_word' id='word_1_226' title='bbox 1484 2470 1622 2529; x_wconf 86' lang='lat' dir='ltr'><strong>sunt,</strong></span> <span class='ocrx_word' id='word_1_227' title='bbox 1652 2470 1714 2518; x_wconf 89' lang='lat' dir='ltr'><strong>ut</strong></span> <span class='ocrx_word' id='word_1_228' title='bbox 1739 2464 1824 2519; x_wconf 92' lang='lat' dir='ltr'><strong>ille</strong></span> <span class='ocrx_word' id='word_1_229' title='bbox 1853 2466 2078 2520; x_wconf 89' lang='lat' dir='ltr'><strong>somniat</strong></span> <span class='ocrx_word' id='word_1_230' title='bbox 2106 2465 2368 2522; x_wconf 87' lang='lat' dir='ltr'><strong>contraria</strong></span> <span class='ocrx_word' id='word_1_231' title='bbox 2397 2481 2450 2520; x_wconf 74' lang='lat'><strong>25</strong></span> 
     </span>
     <span class='ocr_line' id='line_1_27' title="bbox 405 2543 2363 2617; baseline 0.002 -21"><span class='ocrx_word' id='word_1_232' title='bbox 405 2543 531 2597; x_wconf 83' lang='lat' dir='ltr'><strong>fidei</strong></span> <span class='ocrx_word' id='word_1_233' title='bbox 560 2545 808 2614; x_wconf 89' lang='lat' dir='ltr'><strong>dogmata</strong></span> <span class='ocrx_word' id='word_1_234' title='bbox 838 2550 1058 2601; x_wconf 85' lang='lat' dir='ltr'><strong>struens.</strong></span> <span class='ocrx_word' id='word_1_235' title='bbox 1110 2561 1204 2599; x_wconf 91' lang='lat' dir='ltr'><strong>nec</strong></span> <span class='ocrx_word' id='word_1_236' title='bbox 1234 2546 1437 2598; x_wconf 88' lang='lat' dir='ltr'><strong>animae</strong></span> <span class='ocrx_word' id='word_1_237' title='bbox 1468 2545 1522 2598; x_wconf 92' lang='lat' dir='ltr'><strong>in</strong></span> <span class='ocrx_word' id='word_1_238' title='bbox 1554 2546 1812 2600; x_wconf 90' lang='lat' dir='ltr'><strong>caelorum</strong></span> <span class='ocrx_word' id='word_1_239' title='bbox 1841 2547 2134 2616; x_wconf 88' lang='lat' dir='ltr'><strong>regionibus</strong></span> <span class='ocrx_word' id='word_1_240' title='bbox 2165 2546 2363 2617; x_wconf 88' lang='lat' dir='ltr'><strong>aliquid</strong></span> 
     </span>
    </p>

    <p class='ocr_par' dir='ltr' id='par_1_6' title="bbox 346 2625 2367 2861">
     <span class='ocr_line' id='line_1_28' title="bbox 346 2625 2367 2697; baseline 0.002 -19"><span class='ocrx_word' id='word_1_241' title='bbox 346 2640 370 2677; x_wconf 76' lang='lat'>4</span> <span class='ocrx_word' id='word_1_242' title='bbox 403 2631 753 2695; x_wconf 91' lang='lat' dir='ltr'><strong>peccauerunt</strong></span> <span class='ocrx_word' id='word_1_243' title='bbox 787 2632 840 2680; x_wconf 92' lang='lat' dir='ltr'><strong>et</strong></span> <span class='ocrx_word' id='word_1_244' title='bbox 872 2626 1061 2680; x_wconf 90' lang='lat' dir='ltr'><strong>idcirco</strong></span> <span class='ocrx_word' id='word_1_245' title='bbox 1095 2627 1149 2680; x_wconf 92' lang='lat' dir='ltr'><strong>in</strong></span> <span class='ocrx_word' id='word_1_246' title='bbox 1182 2643 1398 2697; x_wconf 90' lang='lat' dir='ltr'><strong>corpora</strong></span> <span class='ocrx_word' id='word_1_247' title='bbox 1427 2625 1684 2696; x_wconf 87' lang='lat' dir='ltr'><strong>relegatae</strong></span> <span class='ocrx_word' id='word_1_248' title='bbox 1718 2634 1856 2682; x_wconf 86' lang='lat' dir='ltr'><strong>sunt.</strong></span> <span class='ocrx_word' id='word_1_249' title='bbox 1910 2628 1953 2682; x_wconf 90' lang='lat' dir='ltr'><strong>si</strong></span> <span class='ocrx_word' id='word_1_250' title='bbox 1987 2629 2125 2683; x_wconf 90' lang='lat' dir='ltr'><strong>enim</strong></span> <span class='ocrx_word' id='word_1_251' title='bbox 2155 2629 2256 2683; x_wconf 88' lang='lat' dir='ltr'><strong>hoc</strong></span> <span class='ocrx_word' id='word_1_252' title='bbox 2287 2628 2367 2684; x_wconf 90' lang='lat' dir='ltr'><strong>ita</strong></span> 
     </span>
     <span class='ocr_line' id='line_1_29' title="bbox 404 2708 2364 2779; baseline 0.003 -19"><span class='ocrx_word' id='word_1_253' title='bbox 404 2713 553 2772; x_wconf 88' lang='lat' dir='ltr'><strong>esset,</strong></span> <span class='ocrx_word' id='word_1_254' title='bbox 586 2713 887 2777; x_wconf 83' lang='lat' dir='ltr'><strong>oportuerat</strong></span> <span class='ocrx_word' id='word_1_255' title='bbox 913 2708 1227 2763; x_wconf 87' lang='lat' dir='ltr'><strong>saluatorem</strong></span> <span class='ocrx_word' id='word_1_256' title='bbox 1254 2725 1349 2762; x_wconf 91' lang='lat' dir='ltr'><strong>nec</strong></span> <span class='ocrx_word' id='word_1_257' title='bbox 1373 2708 1545 2778; x_wconf 92' lang='lat' dir='ltr'><strong>ipsum</strong></span> <span class='ocrx_word' id='word_1_258' title='bbox 1574 2726 1757 2779; x_wconf 89' lang='lat' dir='ltr'><strong>corpus</strong></span> <span class='ocrx_word' id='word_1_259' title='bbox 1787 2709 2055 2763; x_wconf 89' lang='lat' dir='ltr'><strong>adsumere</strong></span> <span class='ocrx_word' id='word_1_260' title='bbox 2084 2716 2138 2764; x_wconf 91' lang='lat' dir='ltr'><strong>et</strong></span> <span class='ocrx_word' id='word_1_261' title='bbox 2165 2710 2364 2766; x_wconf 84' lang='lat' dir='ltr'><strong>animas</strong></span> 
     </span>
     <span class='ocr_line' id='line_1_30' title="bbox 405 2789 2365 2861; baseline 0.003 -20"><span class='ocrx_word' id='word_1_262' title='bbox 405 2789 468 2842; x_wconf 92' lang='lat' dir='ltr'><strong>de</strong></span> <span class='ocrx_word' id='word_1_263' title='bbox 499 2789 798 2858; x_wconf 88' lang='lat' dir='ltr'><strong>corporibus</strong></span> <span class='ocrx_word' id='word_1_264' title='bbox 827 2789 1064 2847; x_wconf 88' lang='lat' dir='ltr'><strong>liberare;</strong></span> <span class='ocrx_word' id='word_1_265' title='bbox 1097 2789 1322 2843; x_wconf 88' lang='lat' dir='ltr'><strong>debebat</strong></span> <span class='ocrx_word' id='word_1_266' title='bbox 1352 2807 1410 2843; x_wconf 94' lang='lat' dir='ltr'><strong>eo</strong></span> <span class='ocrx_word' id='word_1_267' title='bbox 1441 2795 1690 2860; x_wconf 88' lang='lat' dir='ltr'><strong>tempore,</strong></span> <span class='ocrx_word' id='word_1_268' title='bbox 1725 2791 1933 2861; x_wconf 90' lang='lat' dir='ltr'><strong>quando</strong></span> <span class='ocrx_word' id='word_1_269' title='bbox 1962 2791 2016 2845; x_wconf 91' lang='lat' dir='ltr'><strong>in</strong></span> <span class='ocrx_word' id='word_1_270' title='bbox 2045 2791 2365 2861; x_wconf 86' lang='lat' dir='ltr'><strong>baptismate</strong></span> 
     </span>
    </p>
   </div>
   <div class='ocr_carea' id='block_1_3' title="bbox 2444 0 2528 4186">
    <p class='ocr_par' dir='ltr' id='par_1_7' title="bbox 2444 0 2528 4186">
     <span class='ocr_line' id='line_1_31' title="bbox 2444 0 2528 1201; baseline 0 0"><span class='ocrx_word' id='word_1_271' title='bbox 2444 0 2528 1201; x_wconf 95' lang='lat' dir='ltr'><strong>  </strong></span> 
     </span>
     <span class='ocr_line' id='line_1_32' title="bbox 2467 1336 2528 4186; baseline 0 -2398"><span class='ocrx_word' id='word_1_272' title='bbox 2467 1336 2528 4186; x_wconf 95' lang='lat' dir='ltr'><strong>   </strong></span> 
     </span>
    </p>
   </div>
   <div class='ocr_carea' id='block_1_4' title="bbox 2468 66 2516 1311">
    <p class='ocr_par' dir='ltr' id='par_1_8' title="bbox 2468 26 2516 1311">
     <span class='ocr_line' id='line_1_33' title="bbox 2468 66 2516 1311; textangle 90"><span class='ocrx_word' id='word_1_273' title='bbox 2468 1236 2508 1311; x_wconf 62' lang='lat'><strong>:2</strong></span> <span class='ocrx_word' id='word_1_274' title='bbox 2472 696 2516 1232; x_wconf 45' lang='lat' dir='ltr'><strong>ae„m-ffljssffi„</strong></span> <span class='ocrx_word' id='word_1_275' title='bbox 2513 674 2515 678; x_wconf 14' lang='grc' dir='ltr'>λ</span> <span class='ocrx_word' id='word_1_276' title='bbox 2475 595 2497 653; x_wconf 39' lang='grc' dir='ltr'><strong>’ἡ</strong></span> <span class='ocrx_word' id='word_1_277' title='bbox 2474 422 2513 542; x_wconf 43' lang='grc' dir='ltr'><strong>τρῃγρε</strong></span> <span class='ocrx_word' id='word_1_278' title='bbox 2481 354 2498 402; x_wconf 51' lang='lat' dir='ltr'><strong>2³-ss-</strong></span> <span class='ocrx_word' id='word_1_279' title='bbox 2478 158 2511 338; x_wconf 40' lang='lat' dir='ltr'><strong>x--.</strong></span> <span class='ocrx_word' id='word_1_280' title='bbox 2487 109 2491 127; x_wconf 86' lang='lat'><strong>··</strong></span> <span class='ocrx_word' id='word_1_281' title='bbox 2478 66 2483 68; x_wconf 91' lang='grc'><strong>’</strong></span> 
     </span>
    </p>
   </div>
   <div class='ocr_carea' id='block_1_5' title="bbox 2508 761 2528 1336">
    <p class='ocr_par' dir='ltr' id='par_1_9' title="bbox 2508 761 2528 1336">
     <span class='ocr_line' id='line_1_34' title="bbox 2508 761 2528 1336; baseline 0.7 -11"><span class='ocrx_word' id='word_1_282' title='bbox 2508 761 2528 1336; x_wconf 95' lang='lat' dir='ltr'><strong>  </strong></span> 
     </span>
    </p>
   </div>
   <div class='ocr_carea' id='block_1_6' title="bbox 2474 1312 2518 1863">
    <p class='ocr_par' dir='ltr' id='par_1_10' title="bbox 2474 1312 2518 1863">
     <span class='ocr_line' id='line_1_35' title="bbox 2474 1312 2518 1863; textangle 90"><span class='ocrx_word' id='word_1_283' title='bbox 2486 1855 2505 1863; x_wconf 70' lang='lat' dir='ltr'><strong>i</strong></span> <span class='ocrx_word' id='word_1_284' title='bbox 2486 1839 2487 1842; x_wconf 47' lang='lat'><em>⁴</em></span> <span class='ocrx_word' id='word_1_285' title='bbox 2486 1781 2506 1820; x_wconf 50' lang='grc' dir='ltr'><strong>ψ·</strong></span> <span class='ocrx_word' id='word_1_286' title='bbox 2474 1647 2510 1770; x_wconf 35' lang='lat' dir='ltr'><strong>mean&lt;</strong></span> <span class='ocrx_word' id='word_1_287' title='bbox 2482 1312 2518 1654; x_wconf 44' lang='lat' dir='ltr'><strong>JTLAEQffiJ-&#39;vssfflath’a35</strong></span> 
     </span>
    </p>
   </div>
   <div class='ocr_carea' id='block_1_7' title="bbox 508 2996 2193 3053">
    <p class='ocr_par' dir='ltr' id='par_1_11' title="bbox 508 2996 2193 3053">
     <span class='ocr_line' id='line_1_36' title="bbox 508 2996 2193 3053; baseline 0 -11"><span class='ocrx_word' id='word_1_288' title='bbox 508 2998 534 3042; x_wconf 89' lang='grc'>8</span> <span class='ocrx_word' id='word_1_289' title='bbox 554 2996 658 3042; x_wconf 93' lang='lat' dir='ltr'><strong>Luc.</strong></span> <span class='ocrx_word' id='word_1_290' title='bbox 683 2997 719 3050; x_wconf 92' lang='lat'><strong>1,</strong></span> <span class='ocrx_word' id='word_1_291' title='bbox 743 2998 769 3040; x_wconf 83' lang='lat'>2</span> <span class='ocrx_word' id='word_1_292' title='bbox 882 2999 933 3043; x_wconf 86' lang='lat'><strong>17</strong></span> <span class='ocrx_word' id='word_1_293' title='bbox 957 2999 1088 3047; x_wconf 66' lang='lat' dir='ltr'><strong>Rom,</strong></span> <span class='ocrx_word' id='word_1_294' title='bbox 1109 2999 1148 3050; x_wconf 90' lang='lat'><strong>1,</strong></span> <span class='ocrx_word' id='word_1_295' title='bbox 1171 2998 1222 3042; x_wconf 91' lang='grc'><strong>20</strong></span> <span class='ocrx_word' id='word_1_296' title='bbox 1337 2998 1389 3042; x_wconf 84' lang='grc'><strong>19</strong></span> <span class='ocrx_word' id='word_1_297' title='bbox 1416 2998 1561 3042; x_wconf 64' lang='lat' dir='ltr'><strong>*Hau</strong></span> <span class='ocrx_word' id='word_1_298' title='bbox 1583 3001 1625 3052; x_wconf 88' lang='lat'><strong>3,</strong></span> <span class='ocrx_word' id='word_1_299' title='bbox 1648 2999 1672 3042; x_wconf 91' lang='grc'>2</span> <span class='ocrx_word' id='word_1_300' title='bbox 1786 2999 1839 3042; x_wconf 91' lang='grc'><strong>22</strong></span> <span class='ocrx_word' id='word_1_301' title='bbox 1863 2999 1915 3043; x_wconf 78' lang='lat' dir='ltr'><strong>cf.</strong></span> <span class='ocrx_word' id='word_1_302' title='bbox 1944 2999 2051 3044; x_wconf 86' lang='lat' dir='ltr'><strong>Gen.</strong></span> <span class='ocrx_word' id='word_1_303' title='bbox 2076 3001 2116 3053; x_wconf 87' lang='lat'><strong>1,</strong></span> <span class='ocrx_word' id='word_1_304' title='bbox 2141 2999 2193 3043; x_wconf 84' lang='lat'><strong>16</strong></span> 
     </span>
    </p>
   </div>
   <div class='ocr_carea' id='block_1_8' title="bbox 397 3146 2369 3648">
    <p class='ocr_par' dir='ltr' id='par_1_12' title="bbox 397 3146 2369 3648">
     <span class='ocr_line' id='line_1_37' title="bbox 514 3146 2369 3203; baseline 0.002 -15"><span class='ocrx_word' id='word_1_305' title='bbox 514 3146 535 3187; x_wconf 86' lang='lat'>1</span> <span class='ocrx_word' id='word_1_306' title='bbox 560 3157 728 3201; x_wconf 85' lang='lat' dir='ltr'><strong>pannos</strong></span> <span class='ocrx_word' id='word_1_307' title='bbox 749 3146 912 3190; x_wconf 88' lang='lat' dir='ltr'><strong>laceros</strong></span> <span class='ocrx_word' id='word_1_308' title='bbox 933 3159 984 3190; x_wconf 89' lang='lat' dir='ltr'><strong>ac</strong></span> <span class='ocrx_word' id='word_1_309' title='bbox 1004 3150 1173 3190; x_wconf 85' lang='lat' dir='ltr'><strong>ueteres</strong></span> <span class='ocrx_word' id='word_1_310' title='bbox 1195 3160 1219 3200; x_wconf 83' lang='grc' dir='ltr'><em>ς</em></span> <span class='ocrx_word' id='word_1_311' title='bbox 1344 3147 1368 3189; x_wconf 92' lang='grc'>2</span> <span class='ocrx_word' id='word_1_312' title='bbox 1390 3150 1436 3191; x_wconf 92' lang='lat' dir='ltr'><strong>et</strong></span> <span class='ocrx_word' id='word_1_313' title='bbox 1455 3160 1533 3191; x_wconf 83' lang='lat' dir='ltr'><strong>om.</strong></span> <span class='ocrx_word' id='word_1_314' title='bbox 1558 3161 1582 3201; x_wconf 84' lang='grc' dir='ltr'><strong><em>ς</em></strong></span> <span class='ocrx_word' id='word_1_315' title='bbox 1700 3161 1755 3192; x_wconf 86' lang='lat' dir='ltr'><strong>ex</strong></span> <span class='ocrx_word' id='word_1_316' title='bbox 1771 3147 1946 3192; x_wconf 90' lang='lat' dir='ltr'><strong>illorum</strong></span> <span class='ocrx_word' id='word_1_317' title='bbox 1968 3162 1993 3203; x_wconf 83' lang='grc' dir='ltr'><strong><em>ς</em></strong></span> <span class='ocrx_word' id='word_1_318' title='bbox 2108 3147 2264 3192; x_wconf 80' lang='lat' dir='ltr'><strong>fortior</strong></span> <span class='ocrx_word' id='word_1_319' title='bbox 2289 3147 2369 3192; x_wconf 96' lang='lat' dir='ltr'><strong>TV</strong></span> 
     </span>
     <span class='ocr_line' id='line_1_38' title="bbox 401 3218 2366 3279; baseline 0.002 -16"><span class='ocrx_word' id='word_1_320' title='bbox 401 3221 428 3263; x_wconf 88' lang='lat'>4</span> <span class='ocrx_word' id='word_1_321' title='bbox 450 3218 544 3276; x_wconf 91' lang='lat' dir='ltr'><strong>qui]</strong></span> <span class='ocrx_word' id='word_1_322' title='bbox 566 3220 662 3277; x_wconf 87' lang='lat' dir='ltr'><strong>quis</strong></span> <span class='ocrx_word' id='word_1_323' title='bbox 684 3234 710 3275; x_wconf 83' lang='grc' dir='ltr'><em>ς</em></span> <span class='ocrx_word' id='word_1_324' title='bbox 841 3220 866 3263; x_wconf 85' lang='grc'>5</span> <span class='ocrx_word' id='word_1_325' title='bbox 888 3219 1124 3277; x_wconf 84' lang='lat' dir='ltr'><strong>allygoriae</strong></span> <span class='ocrx_word' id='word_1_326' title='bbox 1147 3221 1185 3263; x_wconf 90' lang='lat' dir='ltr'><em>T</em></span> <span class='ocrx_word' id='word_1_327' title='bbox 1315 3221 1341 3264; x_wconf 82' lang='lat'>6</span> <span class='ocrx_word' id='word_1_328' title='bbox 1361 3221 1416 3264; x_wconf 93' lang='lat' dir='ltr'><strong>ob</strong></span> <span class='ocrx_word' id='word_1_329' title='bbox 1436 3220 1586 3277; x_wconf 83' lang='lat' dir='ltr'><strong>lapsus</strong></span> <span class='ocrx_word' id='word_1_330' title='bbox 1608 3222 1648 3266; x_wconf 90' lang='lat' dir='ltr'><em>U</em></span> <span class='ocrx_word' id='word_1_331' title='bbox 1667 3226 1848 3279; x_wconf 89' lang='lat' dir='ltr'><strong>propter</strong></span> <span class='ocrx_word' id='word_1_332' title='bbox 1865 3222 2038 3266; x_wconf 85' lang='lat' dir='ltr'><strong>ruinam</strong></span> <span class='ocrx_word' id='word_1_333' title='bbox 2058 3226 2103 3266; x_wconf 88' lang='lat' dir='ltr'><strong>et</strong></span> <span class='ocrx_word' id='word_1_334' title='bbox 2121 3221 2268 3278; x_wconf 81' lang='lat' dir='ltr'><strong>lapsus</strong></span> <span class='ocrx_word' id='word_1_335' title='bbox 2285 3221 2366 3266; x_wconf 90' lang='lat' dir='ltr'><strong>TV</strong></span> 
     </span>
     <span class='ocr_line' id='line_1_39' title="bbox 401 3293 2368 3353; baseline 0.001 -15"><span class='ocrx_word' id='word_1_336' title='bbox 401 3294 427 3338; x_wconf 90' lang='lat'>8</span> <span class='ocrx_word' id='word_1_337' title='bbox 448 3306 667 3338; x_wconf 87' lang='lat' dir='ltr'><strong>sermones</strong></span> <span class='ocrx_word' id='word_1_338' title='bbox 685 3295 723 3338; x_wconf 89' lang='lat' dir='ltr'><em>T</em></span> <span class='ocrx_word' id='word_1_339' title='bbox 867 3294 917 3339; x_wconf 87' lang='lat'><strong>11</strong></span> <span class='ocrx_word' id='word_1_340' title='bbox 939 3293 1112 3352; x_wconf 88' lang='lat' dir='ltr'><strong>Moyses</strong></span> <span class='ocrx_word' id='word_1_341' title='bbox 1137 3307 1216 3339; x_wconf 85' lang='lat' dir='ltr'><strong>om.</strong></span> <span class='ocrx_word' id='word_1_342' title='bbox 1235 3295 1275 3339; x_wconf 91' lang='lat' dir='ltr'><strong><em>U</em></strong></span> <span class='ocrx_word' id='word_1_343' title='bbox 1427 3296 1479 3339; x_wconf 88' lang='grc'><strong>12</strong></span> <span class='ocrx_word' id='word_1_344' title='bbox 1498 3309 1564 3351; x_wconf 72' lang='lat' dir='ltr'><strong>pr.</strong></span> <span class='ocrx_word' id='word_1_345' title='bbox 1587 3309 1664 3340; x_wconf 88' lang='lat' dir='ltr'><strong>nec</strong></span> <span class='ocrx_word' id='word_1_346' title='bbox 1685 3296 1855 3353; x_wconf 53' lang='lat' dir='ltr'><strong>addida}</strong></span> <span class='ocrx_word' id='word_1_347' title='bbox 1870 3299 1963 3353; x_wconf 80' lang='lat' dir='ltr'><strong>post</strong></span> <span class='ocrx_word' id='word_1_348' title='bbox 1981 3295 2145 3341; x_wconf 87' lang='lat' dir='ltr'><strong>dixerit</strong></span> <span class='ocrx_word' id='word_1_349' title='bbox 2164 3295 2368 3341; x_wconf 72' lang='lat' dir='ltr'><strong>excidisse</strong></span> 
     </span>
     <span class='ocr_line' id='line_1_40' title="bbox 398 3367 2369 3427; baseline 0.003 -17"><span class='ocrx_word' id='word_1_350' title='bbox 398 3370 522 3422; x_wconf 76' lang='lat' dir='ltr'><strong>putat</strong></span> <span class='ocrx_word' id='word_1_351' title='bbox 536 3368 650 3413; x_wconf 81' lang='lat' dir='ltr'><strong>Vall.</strong></span> <span class='ocrx_word' id='word_1_352' title='bbox 663 3382 672 3412; x_wconf 92' lang='lat'><strong>:</strong></span> <span class='ocrx_word' id='word_1_353' title='bbox 697 3369 740 3412; x_wconf 88' lang='lat' dir='ltr'><strong>in</strong></span> <span class='ocrx_word' id='word_1_354' title='bbox 751 3368 968 3426; x_wconf 88' lang='lat' dir='ltr'><strong>principio</strong></span> <span class='ocrx_word' id='word_1_355' title='bbox 984 3368 1153 3413; x_wconf 86' lang='lat' dir='ltr'><strong>creauit</strong></span> <span class='ocrx_word' id='word_1_356' title='bbox 1164 3367 1270 3413; x_wconf 91' lang='lat' dir='ltr'><strong>deus</strong></span> <span class='ocrx_word' id='word_1_357' title='bbox 1283 3368 1453 3412; x_wconf 88' lang='lat' dir='ltr'><strong>caelum</strong></span> <span class='ocrx_word' id='word_1_358' title='bbox 1465 3372 1510 3414; x_wconf 91' lang='lat' dir='ltr'><strong>et</strong></span> <span class='ocrx_word' id='word_1_359' title='bbox 1522 3373 1684 3414; x_wconf 83' lang='lat' dir='ltr'><strong>terram</strong></span> <span class='ocrx_word' id='word_1_360' title='bbox 1795 3371 1854 3415; x_wconf 89' lang='lat' dir='ltr'><strong>al.</strong></span> <span class='ocrx_word' id='word_1_361' title='bbox 1876 3384 1992 3415; x_wconf 86' lang='lat' dir='ltr'><strong>caus.</strong></span> <span class='ocrx_word' id='word_1_362' title='bbox 2007 3385 2032 3426; x_wconf 83' lang='grc' dir='ltr'><strong><em>ς</em></strong></span> <span class='ocrx_word' id='word_1_363' title='bbox 2146 3372 2200 3415; x_wconf 92' lang='grc'><strong>14</strong></span> <span class='ocrx_word' id='word_1_364' title='bbox 2218 3369 2369 3427; x_wconf 81' lang='lat' dir='ltr'><strong>peiora</strong></span> 
     </span>
     <span class='ocr_line' id='line_1_41' title="bbox 401 3441 2367 3502; baseline 0.002 -17"><span class='ocrx_word' id='word_1_365' title='bbox 401 3455 486 3487; x_wconf 83' lang='lat' dir='ltr'><strong>om.</strong></span> <span class='ocrx_word' id='word_1_366' title='bbox 509 3441 549 3484; x_wconf 90' lang='lat' dir='ltr'><strong><em>V</em></strong></span> <span class='ocrx_word' id='word_1_367' title='bbox 644 3442 947 3498; x_wconf 87' lang='lat' dir='ltr'><strong>apertissimae</strong></span> <span class='ocrx_word' id='word_1_368' title='bbox 966 3442 1152 3500; x_wconf 86' lang='lat' dir='ltr'><strong>origenis</strong></span> <span class='ocrx_word' id='word_1_369' title='bbox 1169 3443 1207 3486; x_wconf 88' lang='lat' dir='ltr'><em>T</em></span> <span class='ocrx_word' id='word_1_370' title='bbox 1300 3443 1352 3488; x_wconf 88' lang='grc'><strong>20</strong></span> <span class='ocrx_word' id='word_1_371' title='bbox 1375 3443 1569 3500; x_wconf 89' lang='lat' dir='ltr'><strong>obstipui</strong></span> <span class='ocrx_word' id='word_1_372' title='bbox 1587 3445 1624 3487; x_wconf 91' lang='lat' dir='ltr'><em>T</em></span> <span class='ocrx_word' id='word_1_373' title='bbox 1643 3443 1857 3500; x_wconf 89' lang='lat' dir='ltr'><strong>expauiV</strong></span> <span class='ocrx_word' id='word_1_374' title='bbox 1951 3445 2004 3488; x_wconf 91' lang='grc'><strong>22</strong></span> <span class='ocrx_word' id='word_1_375' title='bbox 2024 3445 2128 3489; x_wconf 92' lang='lat' dir='ltr'><strong>lum.</strong></span> <span class='ocrx_word' id='word_1_376' title='bbox 2151 3444 2367 3502; x_wconf 85' lang='lat' dir='ltr'><strong>magnaV</strong></span> 
     </span>
     <span class='ocr_line' id='line_1_42' title="bbox 397 3515 2364 3576; baseline 0.003 -18"><span class='ocrx_word' id='word_1_377' title='bbox 397 3518 512 3559; x_wconf 82' lang='lat' dir='ltr'><strong>esset</strong></span> <span class='ocrx_word' id='word_1_378' title='bbox 524 3515 562 3557; x_wconf 90' lang='lat' dir='ltr'><strong><em>V</em></strong></span> <span class='ocrx_word' id='word_1_379' title='bbox 688 3518 740 3561; x_wconf 83' lang='lat'><strong>23</strong></span> <span class='ocrx_word' id='word_1_380' title='bbox 760 3531 846 3575; x_wconf 91' lang='lat' dir='ltr'><strong>quo</strong></span> <span class='ocrx_word' id='word_1_381' title='bbox 865 3517 944 3561; x_wconf 93' lang='lat' dir='ltr'><strong>TV</strong></span> <span class='ocrx_word' id='word_1_382' title='bbox 1082 3517 1136 3562; x_wconf 91' lang='grc'><strong>26</strong></span> <span class='ocrx_word' id='word_1_383' title='bbox 1154 3517 1373 3561; x_wconf 83' lang='lat' dir='ltr'><strong>instruens</strong></span> <span class='ocrx_word' id='word_1_384' title='bbox 1393 3518 1434 3563; x_wconf 92' lang='lat' dir='ltr'><em>U</em></span> <span class='ocrx_word' id='word_1_385' title='bbox 1580 3519 1632 3564; x_wconf 85' lang='lat'><strong>27</strong></span> <span class='ocrx_word' id='word_1_386' title='bbox 1653 3518 1833 3576; x_wconf 82' lang='lat' dir='ltr'><strong>religate</strong></span> <span class='ocrx_word' id='word_1_387' title='bbox 1849 3518 1928 3562; x_wconf 90' lang='lat' dir='ltr'><strong>TV</strong></span> <span class='ocrx_word' id='word_1_388' title='bbox 2061 3519 2116 3564; x_wconf 88' lang='grc'><strong>28</strong></span> <span class='ocrx_word' id='word_1_389' title='bbox 2135 3531 2304 3563; x_wconf 89' lang='lat' dir='ltr'><strong>sumere</strong></span> <span class='ocrx_word' id='word_1_390' title='bbox 2322 3518 2364 3563; x_wconf 91' lang='lat' dir='ltr'><em>U</em></span> 
     </span>
     <span class='ocr_line' id='line_1_43' title="bbox 401 3587 1190 3648; baseline 0.005 -17"><span class='ocrx_word' id='word_1_391' title='bbox 401 3588 455 3632; x_wconf 83' lang='lat'><strong>29</strong></span> <span class='ocrx_word' id='word_1_392' title='bbox 475 3587 545 3646; x_wconf 91' lang='lat' dir='ltr'><strong>de]</strong></span> <span class='ocrx_word' id='word_1_393' title='bbox 565 3603 593 3633; x_wconf 89' lang='lat' dir='ltr'><strong>a</strong></span> <span class='ocrx_word' id='word_1_394' title='bbox 612 3587 651 3631; x_wconf 92' lang='lat' dir='ltr'><strong><em>V</em></strong></span> <span class='ocrx_word' id='word_1_395' title='bbox 763 3591 975 3636; x_wconf 86' lang='lat' dir='ltr'><strong>debuerat</strong></span> <span class='ocrx_word' id='word_1_396' title='bbox 999 3591 1190 3648; x_wconf 81' lang='lat' dir='ltr'><strong>Tp.c.m2</strong></span> 
     </span>
    </p>
   </div>
  </div>
 </body>
</html>
