2528 4186
73 1648 122 1684 15

66 2054 122 2093 20

764 340 905 398 Epis
920 341 1049 384 tula
1085 341 1326 387 LXXVIII
1365 344 1526 387 13—14
2037 334 2107 388 63

160 503 298 550 tum
328 495 503 555 Sinai
537 500 597 548 et
632 499 838 548 castra
874 495 1098 548 metati
1133 500 1283 547 sunt
1317 495 1382 547 in
1415 496 1660 557 heremo
1697 498 1988 566 seditque
2021 499 2108 552 ibi

162 577 400 631 Israhel
441 594 468 630 e
507 577 759 646 regione
803 576 1050 629 montis
1109 582 1168 628 et
1201 577 1444 647 Moyses
1487 578 1771 629 ascendit
1813 580 1892 630 ad·
1928 581 2108 632 deum

171 658 560 728 uocauitque
599 675 740 711 eum
781 657 1075 710 dominus
1116 658 1187 710 de
1230 663 1441 710 monte
1482 658 1693 710 dicens
1728 664 1778 710 et
1810 660 2020 727 reliqua.
2058 667 2108 713 et

157 757 384 794 rursum:
424 741 595 804 uade,
627 739 813 807 inquit,
856 739 930 791 ad
967 739 1277 807 populum
1317 744 1375 791 et
1414 739 1751 791 sanctifica
1783 756 1888 792 eos
1916 741 2109 793 hodie

103 837 125 873 5
161 827 224 874 et
262 837 422 874 craS.
467 826 528 873 et
570 820 806 874 lauent
846 819 1267 873 uestimenta
1309 836 1426 872 sua
1469 819 1742 889 sintque
1801 821 2007 889 parati
2044 822 2108 874 in

160 902 323 956 diem
342 903 623 967 tertium,
666 901 814 970 quia
833 901 1027 953 tertia
1047 901 1142 954 die
1163 901 1501 953 descendet
1523 902 1814 954 dominus
1851 902 2110 955 uidente

171 983 467 1037 uniuerso
531 982 766 1052 populo
829 999 1019 1051 super
1087 973 1364 1035 montem
1429 982 1616 1035 Sinai.
1687 983 1825 1051 quod
1892 988 1943 1036 et
2006 984 2109 1035 fac-

157 1070 275 1118 tum
296 1070 389 1118 est.
425 1064 768 1132 laueruntque
790 1061 1106 1117 uestimenta
1127 1081 1221 1116 sua
1255 1068 1307 1115 et
1342 1063 1408 1116 ab
1431 1081 1653 1117 uxorum
1688 1065 1827 1116 coitu
1861 1066 2110 1132 separatis

158 1146 239 1199 die
270 1147 427 1199 tertio
460 1146 724 1199 descendit
758 1145 995 1198 dominus
1027 1146 1083 1198 in
1114 1149 1362 1209 montem,
1411 1161 1512 1213 quo
1545 1146 1780 1198 fumante
1814 1150 1865 1197 et
1898 1146 2107 1214 fulgore,

75 1242 126 1278 ιο
156 1227 375 1292 tonitru,
409 1228 637 1297 caligine,
671 1243 797 1279 uoce
829 1227 989 1279 tubae
1020 1227 1320 1279 mortalium
1351 1227 1508 1279 corda
1536 1226 1847 1279 terrentibus
1869 1227 1960 1279 Mo
1978 1244 2110 1297 yses

156 1308 213 1362 lo
228 1308 548 1378 quebatur
566 1314 624 1361 et
641 1308 714 1362 do
727 1308 934 1375 minus
955 1325 1135 1377 respo
1150 1308 1383 1360 ndebat
1404 1307 1469 1361 ei.
1487 1313 1826 1377 supputemus
1840 1325 2111 1360 numerum

158 1394 210 1442 et
238 1390 558 1448 inueniemus
586 1390 1011 1459 quinquagesimo
1042 1389 1123 1442 die
1153 1390 1449 1458 egressionis
1480 1389 1674 1442 Israhel
1701 1406 1765 1442 ex
1791 1389 2028 1459 Aegypto
2058 1390 2112 1445 in

158 1472 352 1524 uertice
387 1472 579 1525 montis
621 1471 762 1527 Sinai
797 1471 962 1544 legem
999 1471 1194 1524 datam.
1235 1471 1372 1524 unde
1399 1476 1451 1523 et
1475 1476 1799 1540 pentecostes
1826 1471 2111 1523 celebratur

157 1553 472 1606 sollemnitas
504 1558 556 1606 et
582 1557 766 1622 postea
791 1553 1043 1622 euangelii
1069 1557 1451 1608 sacramentum
1479 1553 1686 1621 spiritus
1715 1552 1882 1606 sancti
1908 1553 2112 1605 descen-

156 1634 296 1688 sione
315 1634 598 1704 conpletur,
620 1638 698 1700 ut,
719 1635 852 1687 sicut
870 1634 1027 1704 priori
1044 1634 1236 1704 populo
1259 1634 1684 1703 quinquagesima
1703 1635 1798 1698 die,
1831 1651 1952 1686 uero
1970 1633 2112 1685 iube-

155 1716 233 1768 leo
282 1719 334 1768 et
369 1733 491 1768 uero
528 1733 663 1769 anno
698 1716 1008 1768 remissionis
1057 1720 1110 1768 et
1145 1716 1279 1768 ueris
1317 1716 1695 1784 quinquaginta
1730 1720 1781 1768 et
1819 1715 2110 1783 quingentis
2154 1749 2158 1753 ‚

156 1797 391 1862 denariiS,
438 1797 527 1866 qui
567 1796 887 1852 debitoribus
929 1797 1284 1862 dimittuntur,
1328 1797 1413 1850 lex
1453 1797 1580 1850 data
1621 1802 1715 1861 est,
1754 1797 1821 1849 ad
1851 1796 2110 1865 apostolos

157 1895 360 1947 quoque
389 1884 456 1944 et,
500 1879 589 1947 qui
616 1895 736 1931 cum
762 1879 832 1932 eis
862 1883 1024 1943 erant,
1066 1879 1121 1932 in
1160 1883 1371 1931 centum
1398 1879 1602 1947 uiginti,
1642 1878 1894 1932 Mosaicae
1923 1877 2110 1930 aetatis

154 1976 385 2025 numere,
417 1960 716 2014 constitutis
757 1961 1076 2014 descenderit
1113 1961 1322 2029 spiritus
1365 1965 1574 2013 sanctus
1617 1965 1668 2012 et
1710 1959 1885 2012 diuisis
1925 1958 2110 2028 linguis

155 2042 475 2095 credentium
517 2046 661 2095 totus
707 2042 1004 2110 euangelica
1045 2042 1431 2111 praedicatione
1475 2042 1699 2094 mundus
1745 2041 1979 2110 expletus
2025 2040 2107 2092 sit.

155 2123 366 2192 longum
387 2128 481 2188 est,
505 2123 547 2176 si
565 2123 811 2192 replicare
831 2123 1002 2188 uelim,
1028 2124 1154 2191 quid
1173 2123 1228 2176 in
1247 2123 1355 2191 lege
1376 2128 1711 2192 praeceptum
1733 2123 1815 2186 sit,
1852 2121 2110 2190 quomodo

155 2204 468 2257 fabricatum
497 2204 908 2270 tabernaculum,
945 2221 1075 2273 quae
1107 2205 1333 2257 uarietas
1365 2205 1668 2268 hostiarum,
1705 2220 1835 2272 quae
1867 2219 2110 2255 uasorum

156 2285 442 2350 diuersitaS,
467 2302 598 2354 quae
616 2286 925 2342 indumenta
942 2286 1220 2355 pontificis,
1245 2303 1375 2354 quae
1395 2286 1722 2338 sacerdotum
1753 2301 1812 2337 ac
1834 2284 2112 2336 leuitarum

155 2367 506 2432 caerimoniae,
533 2367 658 2436 quid
678 2367 888 2436 egerint,
918 2368 1176 2435 quomodo
1198 2367 1418 2436 populus
1440 2371 1742 2420 numeratus
1764 2366 1854 2418 sit:
1877 2366 1974 2417 hoc
1993 2370 2111 2417 tan-

154 2453 270 2500 tum
292 2449 476 2514 dicam,
503 2449 643 2517 quod
663 2449 835 2502 media
855 2465 973 2518 pars
990 2449 1161 2502 Exodi
1183 2454 1235 2501 et
1256 2453 1400 2501 totus
1423 2448 1684 2501 Leuiticus
1706 2447 1833 2499 liber
1855 2452 1906 2499 et
1922 2447 2111 2498 Nume-

270 2568 296 2610 4
317 2546 425 2609 *Ex.
448 2567 516 2618 19,
538 2567 700 2611 10—11
785 2568 810 2610 7
832 2567 886 2610 cf.
908 2565 991 2609 Ex.
1017 2566 1084 2619 19,
1105 2567 1271 2610 14—-19
1328 2567 1381 2611 10
1402 2565 1510 2609 *ΕΧ.
1533 2566 1599 2617 19,
1621 2566 1675 2609 19
1757 2566 1810 2609 13
1831 2564 1884 2607 cf.
1907 2564 2005 2607 Act.
2028 2577 2062 2606 c.
2085 2564 2109 2606 2

160 2639 213 2683 15
232 2639 285 2683 cf.
306 2640 438 2684 Num.
459 2641 528 2692 36,
549 2642 574 2684 4
720 2641 773 2685 16
793 2641 847 2684 cf.
870 2640 974 2684 Luc.
1007 2642 1047 2693 7,
1078 2642 1244 2684 41—42
1397 2641 1449 2684 18
1473 2640 1526 2683 cf.
1552 2640 1684 2683 Deut.
1709 2641 1777 2690 34,
1802 2641 1839 2683 7.
1874 2639 1972 2681 Act.
1997 2639 2035 2689 1,
2058 2637 2110 2680 15

158 2713 212 2757 19
235 2714 288 2757 of.
313 2714 412 2758 Act.
438 2716 477 2767 2,
503 2715 612 2758 1—4

272 2811 297 2854 2
311 2811 498 2867 populus
515 2809 676 2853 israhel
690 2808 730 2853 Ω
842 2809 1001 2854 moises
1021 2810 1060 2852 Β
1074 2823 1216 2853 moses
1234 2810 1288 2854 W
1410 2811 1436 2853 3
1457 2809 1572 2852 dom.
1591 2822 1691 2852 eum
1708 2809 1761 2852 W
1892 2807 1945 2850 de
1960 2808 2109 2849 monte

102 2894 103 2898 ’
158 2896 237 2927 om.
260 2883 361 2927 WX
490 2884 637 2927 dicens
658 2897 736 2928 om.
756 2884 792 2928 Ο
867 2885 894 2928 6
915 2883 984 2927 die
1006 2883 1138 2927 tertio
1160 2884 1213 2928 W
1304 2898 1369 2939 pr.
1388 2883 1572 2926 tercium
1593 2882 1761 2926 Xa.c.B
1782 2881 1962 2925 terciam
1983 2881 2106 2934 Xp.c.

61 2958 69 2984 f
158 2957 271 3000 desc.
303 2958 419 3001 dom.
448 2960 549 3001 tert.
578 2957 647 3001 die
671 2957 707 3002 0
780 2958 851 3002 alt.
871 2958 1004 3015 tert(c
1033 2958 1133 3014 B)io
1162 2958 1352 3010 W,Ba.c.
1450 2959 1476 3000 ,7
1504 2971 1604 3014 pop.
1633 2971 1705 3000 un.
1736 2957 1788 2999 W
1900 2959 1945 2997 et
1970 2968 2049 2996 om.
2074 2954 2109 2996 Ο

158 3031 185 3075 8
204 3044 386 3075 uxorem
408 3031 460 3075 W
571 3031 766 3088 separati
782 3035 888 3076 sunt
910 3032 950 3074 Β
1062 3033 1088 3075 9
1108 3032 1242 3075 tertia
1262 3032 1315 3075 W
1426 3031 1662 3074 descendet
1683 3031 1735 3074 W
1845 3028 1908 3084 in]
1929 3041 2057 3084 super
2074 3027 2109 3070 Ο

37 3110 66 3172 ξ]
159 3103 343 3162 fulgore]
371 3105 536 3162 fulgore
567 3108 612 3148 et
637 3106 673 3150 O
703 3105 847 3163 fulgor
874 3108 920 3148 et
946 3105 1000 3150 W
1027 3105 1173 3162 fulgur
1199 3109 1244 3149 et
1273 3106 1325 3157 Β,
1354 3104 1434 3162 leqi
1457 3105 1600 3160 nequit
1623 3102 1663 3148 Ω
1776 3104 1827 3146 10
1855 3101 2050 3144 tonitruo
2074 3100 2109 3143 Ο

39 3191 86 3242 ,1,··
159 3177 345 3223 tonitrui
362 3179 429 3231 W,
449 3179 528 3236 leqi
543 3179 688 3235 nequit
701 3177 741 3223 Ω
845 3179 957 3223 tuba
978 3193 1002 3234 ς
1106 3179 1264 3223 moises
1290 3179 1328 3222 Β
1347 3192 1488 3222 moses
1511 3179 1563 3222 W
1670 3179 1722 3221 12
1742 3176 1987 3219 inuenimus
2010 3173 2109 3217 WX

39 3246 44 3290 ἱ
63 3259 70 3273 ”
159 3251 571 3310 quinquagesimum
591 3253 708 3296 diem
729 3253 783 3297 W
876 3253 1232 3310 quinquagisima
1253 3253 1298 3296 X
1373 3253 1460 3309 die]
1481 3253 1534 3296 de
1557 3252 1596 3294 Β
1683 3251 1872 3293 filiorum
1892 3248 2051 3291 israhel
2068 3244 2108 3290 Ω

42 3344 51 3363 ¹
159 3326 214 3370 13
242 3329 525 3384 pentecosten
552 3327 597 3370 X
721 3328 775 3372 14
800 3327 1026 3384 sollempn.
1060 3327 1156 3371 WB
1181 3328 1360 3370 solemn.
1389 3327 1469 3370 XO
1593 3338 1700 3367 sacr.
1727 3324 1771 3366 in
1799 3323 1911 3379 (exp.
1938 3320 1996 3378 Ω)
2023 3318 2109 3364 ΧΩ

159 3399 212 3444 15
232 3399 596 3457 quinquagesimo
608 3398 701 3465 ΩΟ1
763 3400 934 3456 iubeleo
949 3401 994 3444 X
1009 3400 1170 3445 iubileo
1181 3399 1222 3444 Ω
1235 3401 1422 3444 iubilaeo
1440 3400 1478 3442 Β
1547 3400 1598 3442 17
1614 3398 1669 3441 ad
1685 3397 1844 3454 apost]
1860 3394 2067 3453 apostolis
2083 3407 2108 3447 ς

165 3501 216 3546 18
241 3502 346 3559 ipsis
369 3503 449 3548 OB
545 3459 822 3547 ’ὃσὸς-Β
847 3467 1132 3547 ·¹¹‹¹2⁰-2¹{¹3<·x
1229 3504 1279 3547 21
1309 3503 1465 3545 uellem
1492 3501 1535 3544 X
1631 3500 1748 3556 quod
1778 3499 1817 3542 B
1910 3500 1962 3543 22
1995 3498 2105 3541 fabr.

45 3604 66 3633 ἦ,
155 3574 215 3619 sit
238 3576 292 3620 W
372 3578 427 3621 23
450 3577 520 3634 ac]
544 3580 590 3621 et
613 3591 638 3632 ς
723 3579 777 3621 24
801 3577 946 3621 cerim.
974 3578 1061 3622 WO
1085 3576 1402 3620 eericerimonie
1430 3575 1468 3617 Β
1494 3587 1673 3618 caerem.
1701 3588 1726 3627 ς
1803 3573 1854 3616 25
1881 3572 2042 3616 exhodi
2063 3572 2107 3614 X
