2528 4186
813 386 1090 444 Epistula
1128 386 1324 433 Xovm
1356 390 1518 434 19—20
2057 379 2154 434 205

194 548 369 598 totum
413 559 598 612 corpus
641 541 922 612 populatur
964 541 1136 606 febris,
1182 559 1268 615 aes
1314 560 1518 614 quoque
1563 549 1616 597 et
1658 544 1851 598 ferrum
1895 547 2150 615 paulatim

192 624 375 695 rubigo
415 624 689 690 consumit,
730 623 808 677 ita
844 624 1150 692 dogmatum
1187 640 1547 693 peruersorum
1585 626 1872 693 perniciosa
1911 628 2149 698 contagio

194 705 486 760 animarum
538 704 919 775 neglegentium
972 703 1414 774 pulchritudinem
1467 704 1631 759 uiolat
1686 712 1739 759 et
1792 707 2010 761 deformi
2064 726 2148 766 eas

23 851 24 856 η
190 787 580 842 mendaciorum
630 785 824 856 pallore
874 786 1157 855 perfundit.
1230 785 1456 851 obsecro,
1508 786 1711 852 fratres,
1763 793 1824 840 ut
1873 788 2150 857 ignoscatis
2183 806 2207 843 4

82 862 84 866 ’
164 868 358 924 ‘dolori
390 885 506 923 meo
545 867 817 922 sceleratas
853 868 1117 921 doctrinas
1153 868 1207 920 in
1239 868 1470 921 medium
1505 868 1802 937 proferenti.
1859 868 1979 922 licet
2015 871 2151 925 enirn

193 966 284 1020 per
302 948 593 1019 Babylonia
607 949 828 1003 flumina
842 948 1213 1018 transierimus,
1232 954 1293 1005 ut
1311 950 1545 1018 captiuos
1562 949 1754 1004 ibidem
1771 957 2150 1005 commorantes

193 1032 260 1085 ad
282 1031 628 1103 festiuitatem
652 1030 975 1085 Hierusalem
997 1047 1206 1101 pergere
1231 1032 1577 1096 suaderemUS,
1602 1036 1781 1084 tamen
1802 1031 2153 1087 misericordia

177 1112 274 1175 ,dei
309 1112 407 1182 ipsi
443 1113 807 1182 captiuitatem
842 1126 947 1165 non
983 1111 1233 1170 sensimus
1270 1113 1525 1182 prosperis
1561 1113 1730 1166 uentis
1780 1113 2151 1183 scripturarum

190 1193 308 1248 uela
348 1195 651 1264 pandentes.
724 1200 819 1247 nec
863 1194 1145 1247 obruerunt
1186 1209 1279 1249 nos
1322 1194 1587 1247 doctrinae
1628 1194 1883 1248 hereticae
1923 1195 2150 1265 gurgites

191 1276 591 1332 intumescentes
630 1292 724 1330 nec
760 1275 1147 1330 mendaciorum
1185 1281 1468 1344 tempestas
1508 1275 1793 1328 conterruit
1830 1291 1997 1346 neque
2046 1282 2152 1330 tor-

189 1363 362 1412 rentes
404 1357 696 1429 iniquitatis
741 1358 795 1410 in
835 1357 1067 1411 medium
1121 1374 1300 1411 eorum
1352 1357 1564 1426 pelagus
1622 1362 2005 1426 pertraxerunt,
2059 1358 2150 1411 ubi

191 1440 342 1494 iuxta
392 1439 718 1510 psalmistam
777 1444 1050 1494 canentem
1085 1438 1437 1508 reptilia,
1486 1455 1800 1509 quorum
1847 1454 1988 1493 non
2039 1444 2154 1493 est

191 1539 227 1575 n
245 1539 280 1575 u
299 1539 354 1575 m
375 1540 400 1575 e
419 1538 560 1586 reu-S,
603 1526 656 1574 et
699 1521 854 1574 draco
919 1519 1154 1574 diabolus
1223 1526 1624 1585 commorantur,
1689 1520 2150 1577 uenenatissimum

192 1602 387 1656 animal
429 1607 728 1656 sanctorum
770 1602 966 1656 lusibus
1008 1607 1208 1671 patenS,
1258 1616 1369 1666 nec,
1421 1606 1482 1654 ut
1524 1607 1714 1655 cuncta
1742 1601 1888 1655 breui
1918 1617 2150 1656 sermone

192 1683 512 1749 concludam,
546 1701 610 1737 ex
641 1684 780 1738 omni
829 1689 978 1752 parte
1014 1688 1291 1737 uentorum
1332 1683 1501 1751 flabra
1538 1684 1898 1753 consurgentia
1948 1683 2148 1736 ecclesi-

190 1765 411 1824 asticam
435 1781 623 1819 nauem
643 1765 942 1818 subuertere
964 1769 1248 1834 potuerunt
1274 1770 1328 1818 et
1354 1764 1645 1820 studiorum
1670 1770 1966 1818 nostrorum
1993 1782 2146 1818 saeuo

190 1847 398 1902 turbine
437 1846 630 1916 operire
666 1847 952 1916 remigium.
993 1862 1056 1900 en
1094 1862 1212 1899 cum
1252 1846 1510 1900 saluatore
1550 1846 1758 1900 domino
1798 1847 1962 1906 instar
2001 1846 2157 1899 disci-·
2181 1861 2204 1898 5

190 1929 431 1999 pulorum
487 1928 622 1982 illius
680 1929 987 1997 nauigantes
1052 1927 1506 1984 transfretauimus
1576 1933 1630 1980 et
1683 1933 1895 1997 portum
1961 1927 2146 1996 quietis

75 2052 78 2056 ,
190 2011 446 2066 intrantes
487 2009 890 2081 pulcherrimum
931 2010 1226 2063 diuinorum
1268 2009 1592 2063 uoluminum
1627 2008 1750 2062 litus
1788 2007 2149 2078 amplectimur

20 2109 21 2117 ³
191 2092 360 2147 uarios
423 2096 691 2161 carpentes
746 2091 899 2145 flores
956 2091 1198 2145 scientiae
1255 2096 1308 2144 et
1358 2091 1512 2144 niuea
1544 2090 1805 2144 'membra
1866 2089 2148 2159 sapientiae

189 2173 375 2243 pressis
408 2173 626 2243 figentes
658 2172 841 2227 osculis
867 2174 920 2226 in
950 2174 1056 2227 eius
1084 2174 1354 2226 haeremus
1381 2171 1704 2241 amplexibus
1740 2177 1807 2237 et,
1839 2171 1882 2224 si
1910 2172 2150 2225 dominus

191 2255 512 2320 concesserit,
563 2255 798 2308 uiuentes
856 2271 974 2308 cum
1033 2272 1094 2308 ea
1137 2259 1191 2309 et
1237 2255 1290 2307 in
1345 2253 1479 2307 illius
1534 2258 1921 2322 perseuerantes
1974 2270 2149 2306 amore

190 2341 488 2392 cantamus:
570 2342 862 2391 amator
920 2335 1034 2389 fui
1090 2334 1730 2405 pulchritudinis
1774 2334 1951 2388 eius.
1998 2339 2148 2404 quot-

193 2423 323 2488 quot
370 2418 506 2471 enim
561 2418 853 2489 diligentius
915 2418 1195 2486 scripturas
1253 2422 1460 2470 sanctas
1518 2415 1698 2486 legunt
1761 2422 1815 2473 et
1873 2432 1964 2485 per
2008 2415 2152 2485 picta
2361 2484 2365 2490 .

152 2559 155 2562 ,
191 2516 488 2553 sermonum
502 2499 799 2553 caelestium
819 2504 973 2568 prata
991 2498 1304 2563 discurrunt,
1325 2499 1424 2567 hac
1444 2497 1768 2554 beatitudine
1788 2497 2150 2566 perfruuntur3
2189 2488 2243 2564 ,ξ’

192 2580 282 2650 qui
307 2586 484 2634 autem
502 2581 850 2650 relinquentes
875 2580 1162 2634 dominicae
1187 2578 1548 2633 sollemnitatis
1585 2579 1807 2632 uirorem
1842 2578 1910 2632 ad
1946 2574 2152 2631 deserta
2197 2572 2213 2597 ³⁷
2251 2592 2254 2598 ’

190 2663 583 2728 transcendunt,
623 2663 676 2717 in
709 2679 907 2716 morem
924 2656 1170 2730 Jurbium,
1210 2677 1350 2731 quaes
1367 2660 1562 2730 absque
1586 2678 1734 2714 muro
1760 2665 1897 2726 sunt,
1933 2658 2147 2713 hostiles

195 2743 507 2798 daemonum
542 2745 767 2814 impetus
804 2745 1080 2798 sustinent.
2211 2740 2216 2745 ’

323 2824 403 2880 20.
454 2825 781 2895 Quapropter
821 2826 1128 2881 inminentia
1165 2823 1303 2878 festa
1341 2823 1657 2877 celebrantes
1698 2822 2055 2892 intellegamus
2096 2827 2150 2875 et

192 2911 399 2960 nosmet
429 2907 566 2975 ipsos
597 2912 650 2960 et
680 2907 936 2972 uniuersa,
971 2924 1101 2976 quae
1131 2900 1312 2959 nostra
1340 2910 1477 2970 sunt,
1511 2905 1880 2975 scientiamque
1912 2909 1965 2957 et
1992 2903 2149 2956 ratio-

266 3119 267 3122 *
323 3106 376 3149 12
399 3107 466 3151 Ps.
494 3106 586 3161 103,
612 3105 665 3150 25
801 3107 850 3151 17
873 3106 926 3151 cf.
950 3107 1110 3152 Matth.
1135 3107 1174 3159 8,
1198 3106 1362 3151 23—27
1385 3110 1466 3150 etc.
1605 3105 1657 3148 23
1681 3104 1809 3159 *Sap.
1835 3105 1874 3155 8,
1897 3103 1922 3145 2

24 3286 28 3318 ς
322 3268 344 3311 1
371 3267 525 3325 depop.
553 3282 578 3323 ς
665 3266 755 3325 aes]
777 3280 820 3311 es
842 3267 925 3313 UV
1019 3269 1044 3312 2
1065 3266 1271 3325 contagia
1296 3267 1377 3311 TV
1467 3268 1494 3311 3
1516 3265 1795 3324 pulchritudo
1819 3261 1860 3305 V
1946 3251 2088 3306 uiolsst
2113 3263 2153 3307 T

86 3350 98 3380 s
176 3340 216 3386 ÷5
235 3341 381 3386 medio
403 3341 444 3386 V
602 3341 628 3385 6
649 3340 813 3399 babyll.
842 3343 958 3388 Tam.
982 3340 1115 3387 babil.
1145 3339 1228 3386 UV
1251 3340 1523 3399 Babyloniae
1547 3355 1572 3395 ς
1734 3341 1758 3383 7
1780 3337 2037 3382 iherusalem
2066 3335 2152 3381 UV

20 3406 24 3416 ¹
52 3473 53 3476 Ἴ
84 3450 87 3451 ⁷
189 3416 242 3460 10
264 3415 422 3461 terruit
445 3431 470 3471 ς
536 3417 588 3460 11
610 3415 811 3461 medioV
876 3415 1052 3474 pelagos
1077 3413 1238 3461 Ta.c.V
1258 3414 1410 3472 pelago
1435 3429 1460 3470 ς
1526 3418 1720 3471 protrax.
1747 3413 1786 3457 V
1854 3411 1906 3455 13
1929 3411 2090 3456 dracho
2112 3409 2155 3455 U

20 3518 21 3521 =
42 3483 44 3486 ’
90 3503 95 3534 ²,
189 3494 485 3535 commoratur
501 3490 542 3536 U
606 3489 943 3535 uenatissimum
957 3490 997 3535 V
1065 3489 1117 3535 16
1138 3490 1366 3535 subuerter
1388 3487 1427 3531 V
1496 3490 1546 3533 17
1568 3486 1640 3544 en]
1661 3491 1706 3531 et
1720 3500 1744 3541 ς
1812 3486 1864 3529 19
1882 3483 2010 3530 littus
2028 3486 2150 3542 Up.c.

83 3574 98 3626 ζ
149 3605 171 3617 Ἀ
190 3562 240 3608 21
263 3563 483 3622 fingentes
504 3563 639 3610 oculis
660 3565 700 3610 V
853 3565 906 3608 23
927 3563 1209 3609 cantabimus
1231 3578 1256 3619 ς
1419 3561 1472 3605 25
1494 3562 1599 3606 haec
1624 3575 1648 3615 ς
1803 3559 1855 3602 26
1876 3559 2092 3604 uirectum
2105 3559 2145 3603 V

191 3637 244 3682 27
263 3641 495 3684 transeunt
522 3639 563 3684 U
695 3652 816 3683 more
841 3636 920 3682 TV
1054 3639 1106 3683 30
1129 3637 1388 3683 rationalem
1407 3635 1490 3680 UV
