2528 4186
369 376 437 428 10
1021 385 1245 430 Sancti
1299 383 1683 441 Hieronymi

363 541 578 594 nutricis
611 541 782 595 officio
814 540 1114 609 fungeretur
1147 539 1466 608 cubaretque
1499 555 1711 596 cumea
1742 537 2006 607 paruulUS,
2044 537 2132 608 qui
2161 555 2325 609 usque

366 623 432 675 ad
479 623 736 675 decimum
781 622 1017 691 peruenit
1065 638 1276 685 annum,
1327 620 1532 684 accidit,
1581 624 1642 672 ut
1687 619 1819 688 pluS,
1871 635 2028 687 quam
2071 619 2328 688 pudicitia

364 704 580 773 patitur,
615 720 666 756 se
696 707 836 756 mero
866 702 1209 771 ingurgitaret
1242 718 1558 770 accensaque
1588 700 1802 752 libidine
1835 699 2064 753 obscenis
2095 699 2326 759 motibus

365 785 560 838 coitum
582 785 787 838 doceret
808 785 1079 837 infantem.
1105 783 1276 852 prima
1298 782 1518 835 ebrietas
1544 782 1752 834 alterius
1775 781 1943 834 noctis
1967 786 2019 833 et
2040 785 2327 835 ceterarum

363 866 599 935 deinceps
629 866 751 918 fecit
780 865 1222 918 consuetudinem.
1255 864 1478 916 necdum
1513 863 1615 916 duo
1645 879 1844 915 menses
1873 862 2081 915 fuerant
2110 862 2322 926 euoluti‚
2355 878 2384 914 5.

363 953 414 1000 et
461 964 574 1000 ecce
620 947 842 999 feminae
885 952 1061 999 uterus
1100 945 1371 999 intumuit.
1411 945 1536 1014 quid
1577 944 1764 1014 plura?
1813 943 2197 1013 dispensatione
2243 943 2327 1001 dei

363 1029 563 1082 factum
601 1033 695 1092 est,
736 1033 812 1091 ut,
856 1045 987 1096 quae
1025 1032 1210 1080 contra
1247 1032 1493 1079 naturam
1522 1025 1855 1095 simplicitate
1883 1024 2179 1094 paruuliin
2208 1042 2326 1078 con-

366 1114 629 1179 temptum
679 1109 761 1162 dei
811 1108 1142 1172 abutebatur,
1187 1125 1218 1160 a
1255 1113 1476 1160 naturae
1516 1107 1725 1160 domino
1775 1107 2081 1176 proderetur
2127 1106 2325 1176 inpleto

368 1208 615 1255 sermone,
640 1208 740 1259 quo
762 1190 973 1242 dicitur:
1002 1189 1161 1242 nihil
1182 1189 1512 1252 occultum,
1540 1188 1701 1256 quod
1720 1205 1839 1241 non
1867 1187 2322 1241 manifestetur.

495 1274 540 1325 3.
566 1271 832 1340 Simulque
852 1271 1247 1335 consideremUS‚
1272 1270 1411 1339 quod
1432 1270 1631 1322 occulte
1649 1269 1908 1339 scriptura
1924 1274 1978 1327 vet
2000 1269 2329 1323 Salomonem
2362 1283 2413 1320 ιο

364 1358 416 1406 et
446 1353 619 1406 Achaz
649 1352 939 1422 uoluptatis
971 1357 1024 1405 et
1051 1351 1323 1421 inpietatis
1355 1355 1576 1403 accuset.
1609 1356 1828 1419 uterque
1860 1349 2011 1415 enim,
2045 1367 2164 1402 cum
2193 1355 2326 1404 esset

362 1435 425 1487 de
456 1435 616 1503 stirpe
647 1434 836 1498 Dauid,
868 1433 1076 1486 recessit
1108 1449 1139 1485 a
1169 1433 1395 1486 domino,
1441 1437 1493 1484 et
1525 1431 1655 1484 alter
1683 1432 1738 1484 in
1766 1436 1981 1483 tantum
2010 1435 2216 1484 secutus
2248 1436 2327 1484 est

362 1515 643 1579 libidinem,
677 1521 736 1567 ut
767 1515 1123 1584 septingentas
1154 1514 1395 1567 habuerit
1425 1529 1609 1566 uxores
1641 1518 1693 1565 et
1722 1517 1984 1565 trecentas
2015 1511 2326 1570 concubinas

364 1602 415 1649 et
459 1596 871 1649 adulescentulas
916 1602 968 1648 et
1012 1600 1186 1648 scorta
1226 1595 1450 1664 passiua,
1497 1611 1719 1664 quorum
1760 1610 1865 1647 non
1908 1599 2021 1646 erat
2062 1610 2323 1658 numeruS,

359 1678 694 1747 neglectoque
745 1678 840 1730 deo
891 1682 1104 1746 patrum
1166 1676 1457 1729 extruxerit
1516 1675 1657 1728 idola
1705 1675 1940 1744 gentium
1988 1675 2329 1744 plurimarum
2360 1690 2411 1731 15

362 1765 413 1812 et
449 1759 607 1813 fuerit
641 1776 745 1812 non
782 1764 843 1811 ut
878 1759 1020 1829 prius
1058 1758 1242 1822 Ididia,
1279 1757 1335 1811 id
1370 1762 1448 1810 est
1476 1756 1713 1810 amabilis
1749 1756 1960 1820 domini,
1998 1756 2088 1809 sed
2123 1761 2326 1809 amator

340 1841 650 1906 ·mulierum,
701 1841 831 1893 alter
865 1840 1063 1893 miserit
1099 1840 1167 1892 ad
1199 1856 1373 1907 regem
1407 1838 1737 1907 Assyriorum
1772 1837 2024 1891 auxilium
2056 1837 2326 1908 postulans

361 1927 412 1974 et
451 1922 505 1975 in
547 1927 780 1991 tempore
822 1921 1092 1990 angustiae
1131 1938 1254 1974 suae
1298 1920 1502 1973 auxerit
1539 1924 1902 1989 contemptum
1938 1919 1993 1971 in
2040 1919 2324 1984 dominum,

330 2039 335 2044 ·
359 2004 707 2057 immolauerit
728 2003 827 2056 diis
846 2003 1091 2056 Damasci
1109 2002 1369 2066 uictimas,
1391 2001 1776 2071 percussoribus
1797 2002 1917 2066 suiS‚
1941 2005 1994 2054 et
2011 2000 2067 2053 in
2088 2000 2325 2054 omnibus

359 2085 575 2138 urbibus
634 2085 767 2138 Iuda
832 2084 1123 2137 extruxerit
1179 2101 1292 2136 aras
1350 2083 1417 2136 ad
1473 2083 1810 2137 cremandum
1863 2083 1988 2135 thus
2044 2086 2202 2151 atque
2258 2082 2325 2135 ad
2355 2097 2421 2137 20:

358 2166 683 2219 iracundiam
738 2166 1102 2235 prouocauerit
1174 2165 1446 2219 dominum
1501 2165 1658 2217 deum
1723 2160 1939 2234 patrum
2008 2180 2218 2217 suorum
2272 2163 2327 2216 in

358 2253 586 2311 tantum,
636 2252 697 2299 ut
744 2247 959 2316 direptis
1007 2247 1144 2300 uasis
1193 2247 1378 2299 domus
1427 2245 1509 2298 dei
1557 2251 1716 2315 atque
1763 2244 2040 2298 confractis
2088 2244 2328 2298 clauserit

362 2330 543 2381 ianuas
573 2328 758 2398 templi
789 2328 872 2381 dei
903 2334 955 2381 et
985 2328 1166 2381 fecerit
1197 2328 1296 2381 sibi
1327 2327 1516 2380 altaria
1543 2327 1599 2380 in
1629 2327 1881 2380 uniuersis
1914 2326 2112 2396 angulis
2143 2326 2328 2379 Hieru-

360 2411 520 2464 salem
568 2410 1017 2479 ambulaueritque
1063 2410 1118 2461 in
1166 2409 1264 2462 uiis
1311 2426 1492 2478 regum
1541 2408 1737 2461 Israhel
1784 2413 1836 2460 et
1884 2413 2088 2460 statuas
2133 2407 2327 2460 fuderit

362 2492 565 2544 Baalim
598 2497 650 2544 et
684 2491 968 2544 adoleuerit
999 2491 1270 2543 incensum
1301 2491 1356 2542 in
1389 2490 1524 2542 ualle
1556 2490 1785 2542 filiorum
1816 2488 2024 2542 Ennom
2057 2493 2109 2540 et
2139 2488 2327 2541 lustra·
2358 2504 2410 2540 25

471 2633 497 2675 9
517 2632 646 2675 *Luc
667 2633 706 2684 8,
729 2634 791 2676 17.
815 2632 868 2676 cf.
891 2631 1050 2675 Matth.
1075 2633 1141 2684 10,
1163 2631 1214 2674 26
1237 2635 1318 2674 etc.
1414 2656 1416 2658 ν
1566 2631 1619 2674 13
1643 2629 1696 2673 cf.
1721 2629 1791 2673 III
1811 2630 1916 2686 Reg.
1940 2631 2006 2682 11,
2028 2630 2067 2673 3.
2092 2630 2215 2674 Cant.
2237 2628 2278 2681 6,
2300 2629 2324 2672 7

363 2706 412 2750 16
431 2707 484 2750 cf.
506 2707 551 2776 Π
569 2708 673 2763 Reg.
695 2708 760 2759 12,
780 2706 833 2750 25
1004 2708 1055 2750 17
1084 2706 1137 2749 cf.
1166 2705 1229 2749 =IV
1256 2706 1361 2761 Reg.
1389 2719 1424 2748 c.
1455 2704 1521 2748 16.
1552 2704 1598 2747 II
1623 2704 1719 2747 Par.
1748 2716 1783 2747 c.
1811 2704 1864 2748 28

471 2812 493 2854 1
523 2811 786 2866 tubaretque
817 2811 855 2856 521
985 2812 1010 2854 2
1046 2810 1137 2853 dec.
1166 2809 1256 2852 iarn
1285 2824 1310 2863 ς
1440 2810 1699 2866 peruenerat
1732 2806 1952 2862 Bp.c.m2g
2079 2805 2255 2863 pudicia.
2278 2806 2324 2850 N

360 2887 385 2928 4
410 2884 466 2927 ad
487 2884 553 2928 coi
572 2884 688 2940 (cohi
708 2885 745 2942 e)
765 2887 862 2928 tum
885 2885 948 2928 De
1090 2884 1272 2927 duceret
1289 2883 1394 2928 eme
1544 2882 1632 2940 ebr.
1654 2882 1699 2925 N
1722 2881 1841 2925 hebr.
1867 2880 1906 2924 Β
2044 2881 2070 2925 5
2094 2881 2266 2924 fuerent
2283 2880 2322 2926 21

360 2958 539 3002 euoluta
572 2958 688 3002 Bam.
722 2959 865 3003 uoluti
895 2958 933 3004 21
1142 2958 1167 3001 6
1200 2960 1246 3001 et
1279 2972 1358 3001 om.
1392 2956 1462 3000 No
1633 2958 1656 3000 7
1689 2955 1973 3013 simplicitate
2003 2954 2325 3010 Na.r.Bp.c.m2

362 3036 618 3090 contemptu
642 3032 747 3076 DeB
770 3036 995 3077 contemtu
1016 3033 1052 3089 (-
1079 3032 1276 3089 dubium)
1296 3031 1335 3076 21
1449 3031 1475 3075 8
1503 3030 1588 3087 dei]
1610 3023 1686 3074 dfii
1709 3030 1748 3075 21
1861 3029 2044 3087 inpleto]
2067 3029 2112 3073 in
2128 3028 2242 3072 lecto
2263 3029 2327 3072 De

362 3108 387 3149 9
405 3107 630 3164 quo]quod
651 3108 714 3151 De
900 3106 1259 3150 manifestabitur
1275 3106 1345 3149 No
1548 3106 1602 3149 io
1619 3108 1666 3148 et
1683 3119 1761 3148 om.
1782 3104 1827 3148 N
1829 3104 1896 3148 οΒ
2090 3105 2139 3147 11
2163 3115 2266 3146 acaz
2287 3101 2326 3144 Β

360 3181 602 3225 uoluntatis
625 3182 665 3225 D
834 3185 977 3225 essent
998 3196 1017 3224 e
1148 3183 1154 3186 ’
1207 3182 1260 3225 13
1281 3180 1453 3224 LXXD
1474 3178 1602 3223 LXX
1622 3182 1672 3222 ta
1694 3193 1715 3222 e
1901 3180 1953 3222 14
1975 3180 2020 3222 et
2038 3177 2157 3223 adul.
2179 3191 2258 3220 om.
2284 3175 2323 3218 Β

361 3255 526 3298 lasciua
549 3270 571 3298 0
769 3257 820 3300 15
845 3259 958 3313 patr.
985 3269 1162 3299 suorum
1191 3254 1230 3297 B
1430 3246 1590 3297 extrui
1617 3252 1656 3295 Β
1853 3253 1905 3297 16
1930 3251 2074 3295 edidia
2097 3266 2119 3295 o
2142 3251 2264 3295 idida
2287 3249 2328 3293 Β

362 3329 450 3371 idia
480 3331 554 3381 De,
587 3330 664 3374 Ρςὶῐ
818 3331 870 3374 18
899 3330 1062 3373 auserit
1091 3343 1111 3372 e
1265 3328 1443 3373 domino
1472 3327 1541 3373 Ne
1706 3328 1759 3372 19
1787 3326 2027 3370 immolarit
2054 3326 2100 3369 N
2129 3325 2326 3369 immola-

361 3403 422 3454 (lo
448 3404 505 3459 D)
528 3404 725 3460 ueritque
748 3405 810 3447 De
917 3406 970 3448 20
991 3403 1144 3447 iudeae
1165 3404 1210 3447 N
1317 3406 1389 3446 tus
1409 3402 1478 3445 Ne
1592 3402 1644 3446 22
1666 3400 1839 3445 directis
1861 3414 1883 3445 e
1994 3401 2148 3444 domus
2165 3413 2244 3443 om.
2264 3398 2328 3442 De

363 3476 447 3532 dei]
470 3477 634 3520 domini
657 3493 680 3532 ς
845 3480 897 3522 23
919 3479 1080 3521 fecerat
1100 3491 1120 3520 e
1291 3477 1448 3520 iherus.
1476 3476 1515 3519 B
1535 3475 1607 3520 ier.
1632 3490 1656 3530 ς
1807 3476 1860 3518 24
1880 3473 2102 3519 ambuL—
2136 3472 2188 3517 25
2208 3472 2326 3516 ualle

362 3550 409 3593 in
438 3552 589 3606 mqu
626 3553 691 3607 (in
721 3555 745 3595 t.
768 3553 887 3601 ὅλαι.
910 3553 1033 3609 erae.)
1056 3551 1094 3594 Β
1248 3550 1300 3595 25
1322 3549 1518 3596 bahalim
1536 3550 1575 3595 ΣΠ
1713 3549 1958 3592 incenssum
1976 3548 2014 3593 91
2151 3546 2325 3590 Ennom

362 3624 515 3678 scripsi
547 3630 662 3667 enm]
694 3626 731 3670 91
766 3640 907 3669 ennon
941 3626 1054 3669 NoB
1092 3639 1251 3684 emnon
1285 3625 1326 3668 D
1382 3662 1384 3664 ,
