2528 4186
881 398 1187 456 Epistula
1225 402 1380 446 LXXI
1418 406 1523 448 2—5
2113 403 2165 454 -5

357 554 405 607 4.
447 551 592 606 Haec
633 557 686 605 et
723 552 833 622 ipse
872 552 1124 623 intellegis
1166 572 1266 623 quo
1309 557 1478 610 animo
1518 560 1758 628 replicem
1798 568 1848 614 et
1891 564 2036 631 quod'
2072 565 2166 618 sub

225 634 337 688 aliis
370 633 541 687 uerbis
574 637 629 686 te
663 633 731 686 ad
764 638 1062 687 sanctorum
1094 635 1324 690 locorum
1354 637 1574 692 inuitem
1606 640 1971 695 habitaculum.
2009 644 2167 697 abun-

223 714 406 768 dantia
445 717 543 767 tua
583 713 869 767 multorum
894 714 1125 784 inopiam
1157 719 1489 783 sustentauit,
1534 725 1594 771 ut
1638 725 1690 773 et
1733 722 1915 775 horum
1958 724 2167 778 diuitiae

222 796 278 849 in
319 801 470 849 tuam
511 795 854 864 indigentiam
894 794 1260 850 redundarent.
1307 798 1477 851 fecisti
1516 800 1615 852 tibi
1659 801 1845 854 amicos
1890 804 1951 856 de
1993 805 2166 873 iniquo

169 893 192 930 5
224 893 537 940 mammona,
576 875 666 945 qui
685 880 740 928 te
760 875 1044 945 reciperent
1078 877 1132 929 in
1169 882 1379 931 aeterna
1411 879 1759 935 tabernacula.
1796 883 2057 937 laudanda
2088 903 2165 938 res

226 962 278 1011 et
303 957 704 1027 apostolicorum
723 961 1019 1026 temporum
1031 957 1315 1011 uirtutibus
1341 962 1688 1029 coaequanda,
1718 964 1922 1034 quando
1947 965 2166 1019 uenditis

221 1037 624 1109 possessionibus
657 1037 760 1091 suis
793 1037 1058 1091 credentes
1092 1038 1379 1092 afferebant
1410 1042 1650 1110 pecunias
1684 1048 1840 1112 atque
1882 1045 2167 1098 fundebant

223 1124 346 1174 'ante
393 1119 549 1190 pedes
598 1118 950 1188 apostolorum
992 1120 1329 1173 ostendentes
1377 1113 1654 1176 auaritiam
1700 1141 1806 1176 esse
1853 1125 2198 1191 calcandam„

222 1200 317 1255 sed
335 1200 575 1254 dominus
595 1200 760 1269 magis
784 1199 986 1268 quaerit
1009 1199 1206 1253 animas
1236 1202 1555 1255 credentium
1578 1220 1734 1272 quam
1764 1221 1898 1274 opes.
1929 1206 2162 1274 legimus:

4 1264 14 1291 ⁷
141 1297 191 1334 ιο
219 1280 569 1350 redemptio
607 1281 859 1334 animae
889 1281 1009 1334 uiri
1037 1282 1330 1350 propriae
1360 1282 1645 1337 diuitiae.
1670 1301 1938 1354 possumus
1963 1286 2167 1355 quidem

226 1362 438 1416 diuitias
479 1361 712 1432 proprias
753 1359 1064 1431 intellegere,
1112 1379 1243 1431 quae
1285 1381 1388 1417 non
1431 1364 1494 1417 de
1537 1364 1716 1430 alieno,
1760 1383 1863 1419 non
1889 1367 1951 1419 de
1977 1367 2165 1435 rapinis

227 1448 367 1508 sunt,
402 1443 554 1496 iuxta
582 1442 735 1496 illud:
769 1443 1005 1496 honora
1033 1443 1351 1497 dominum
1380 1445 1450 1497 de
1478 1445 1603 1498 tuis
1636 1446 1811 1498 iustis
1838 1446 2167 1510 laboribus

223 1525 314 1578 sed
347 1524 526 1578 melior
561 1529 640 1578 est
673 1524 762 1577 illa
794 1519 1163 1593 intellegentia,
1200 1530 1262 1578 ut
1297 1525 1507 1578 diuitias
1541 1526 1770 1596 proprias
1807 1544 2166 1596 cognoscamus

220 1606 490 1659 thesauros
537 1604 884 1670 absconditos,
945 1622 1072 1675 quos
1117 1623 1211 1659 nec
1256 1607 1339 1659 fur
1382 1607 1544 1676 possit
1590 1608 1844 1660 suffodere
1899 1625 1992 1660 nec
2034 1609 2167 1660 latro

137 1701 186 1739 15
219 1686 476 1750 uiolentus
513 1686 720 1756 eripere.

351 1767 398 1821 5.
421 1767 683 1837 Opuscula
694 1784 825 1832 mea,
843 1784 976 1837 quae
986 1785 1092 1821 non
1104 1768 1184 1821 sui
1196 1768 1394 1832 meritc,
1415 1769 1508 1821 sed
1523 1769 1756 1822 bonitate
1774 1774 1868 1822 tua
1885 1769 2167 1830 desiderare

219 1853 274 1903 te
314 1848 456 1914 dicis,
499 1848 567 1901 ad
605 1848 999 1902 describendum
1039 1849 1334 1902 hominibus
1375 1849 1479 1902 tuis
1521 1849 1639 1902 dedi
1678 1855 1730 1902 et
1769 1842 2025 1918 descripta
2062 1849 2168 1902 uidi

219 1929 274 1983 in
325 1929 608 1983 chartaceis
660 1929 920 1983 codicibus
985 1947 1046 1984 ac
1115 1931 1411 1999 frequenter
1462 1931 1721 1994 admonui,
1774 1936 1834 1983 ut
1884 1931 2168 1983 conferrent

224 2011 518 2080 diligentius
548 2011 972 2065 et'emendarent.
1004 2028 1094 2080 ego
1124 2012 1260 2064 enim
1281 2016 1435 2065 tanta
1455 2011 1719 2066 uolumina
1739 2028 1860 2081 prae
1882 2011 2170 2080 frequentia

32 2087 58 2163 “j
134 2107 187 2147 20
218 2092 624 2147 commeantium
650 2097 702 2146 ct
726 2093 1111 2162 peregrinorum
1135 2092 1301 2145 turbis
1326 2093 1544 2161 relegere
1569 2110 1673 2145 non
1698 2092 1846 2162 potui
1871 2098 1939 2156 et,
1977 2097 2036 2144 ut
2072 2091 2169 2160 ipsi

218 2173 502 2244 probauere
531 2179 841 2244 praesenteS‚
869 2174 1020 2243 longo
1045 2179 1222 2228 tentus
1253 2174 1579 2227 incommodo
1611 2173 1702 2225 uix
1733 2173 1911 2225 diebus
1951 2172 2167 2241 quadra-

219 2254 457 2324 gesimae,
515 2255 700 2324 quibus
755 2255 855 2324 ipsi
888 2255 1359 2325 proficiscebantur,
1413 2254 1659 2324 respirare
1715 2254 1873 2323 coepi.
1930 2253 2079 2316 unde,
2125 2252 2167 2304 si

220 2340 643 2405 paragrammata
682 2336 963 2406 reppereris
1008 2336 1092 2409 uel
1132 2336 1300 2389 minus
1345 2335 1518 2404 aliqua
1558 2335 1815 2404 descripta
1851 2339 1987 2397 sunt,
2037 2349 2167 2402 quae

219 2433 427 2470 sensum
461 2416 677 2486 legentis
714 2417 1002 2487 inpediant,
1042 2435 1147 2470 non
1182 2417 1311 2471 mihi
1347 2416 1500 2482 debes
1536 2416 1791 2485 inputare,
1831 2415 1921 2467 sed
1964 2414 2066 2466 tuis
2116 2417 2167 2466 et

59 2512 66 2530 ³
137 2513 188 2551 25
219 2497 490 2568 inperitiae
502 2498 824 2552 notariorum
835 2498 1263 2567 librariorumque
1285 2497 1526 2562 incuriae,
1549 2497 1636 2566 qui
1654 2495 1883 2550 scribunt
1897 2512 2013 2558 non,
2032 2493 2167 2562 quod

330 2638 357 2681 4
389 2638 443 2682 cf.
478 2637 581 2682 Luc.
617 2638 684 2692 16,
718 2639 745 2682 9
1001 2638 1027 2681 6
1061 2638 1114 2682 cf.
1148 2638 1245 2682 Act.
1280 2639 1320 2689 4,
1353 2636 1516 2681 34-35
1765 2635 1815 2678 10
1846 2634 1867 2658 *
1887 2635 2012 2677 Prou.
2045 2634 2109 2683 13,
2140 2632 2165 2675 8

224 2713 277 2756 12
307 2710 331 2736 *
350 2712 478 2756 Prou.
508 2713 550 2765 3,
580 2712 607 2756 9
775 2713 828 2756 14
858 2713 911 2756 cf.
942 2712 1102 2756 Matth.
1134 2712 1173 2765 6,
1205 2713 1257 2755 20

335 2805 364 2859 1'
398 2813 624 2872 intelleges
661 2814 740 2859 ιῙΣ
905 2818 931 2860 2
968 2813 1272 2858 habundantia
1310 2813 1358 2871 (h
1392 2826 1494 2856 eras.
1536 2811 1593 2868 Σ)
1620 2811 1732 2855 codd.
1899 2811 1925 2853 3
1954 2807 2099 2864 inopia
2133 2807 2166 2850 J

220 2887 488 2932 sustentabit
511 2887 591 2933 «1Σ
755 2888 781 2932 5
807 2901 1014 2933 mamona
1033 2888 1117 2931 DB
1284 2886 1495 2943 recipiant
1517 2884 1594 2930 «ΤΣ
1757 2885 1783 2927 6
1809 2882 2102 2940 apostolorum
2128 2879 2167 2923 Σ

222 2961 491 3019 temporibus
513 2962 630 3006 Ba.c.
727 2962 1015 3020 adaequanda
1029 2963 1063 3006 J
1065 2961 1107 3005 Σ
1212 2961 1403 3018 quando]
1423 2960 1639 3017 quomodo
1656 2958 1690 3002 J
1782 2960 1804 3001 7
1823 2956 2032 2999 afferebat
2050 2953 2162 2997 Σαι.

222 3035 274 3080 10
294 3035 490 3094 proprias
513 3036 692 3082 diuitias
712 3027 756 3080 Σ
773 3037 967 3094 proprias
990 3036 1167 3082 diuitias
1189 3034 1381 3092 proprias
1401 3035 1434 3078 J
1599 3035 1647 3076 11
1671 3030 1847 3088 rapinis]
1869 3028 1997 3072 alieni
2016 3027 2164 3098 (sic)—J

221 3099 275 3154 12
299 3107 390 3154 sint
410 3109 490 3154 αΣ
662 3109 788 3155 iuxta
822 3110 938 3155 iilud
962 3124 1041 3154 om.
1070 3110 1110 3153 D
1288 3109 1418 3151 deum
1451 3107 1488 3149 Β
1662 3105 1748 3149 tuis
1779 3103 1917 3158 iustis]
1948 3107 2027 3145 tua
2055 3101 2164 3144 suba

223 3180 269 3240 (a
287 3175 400 3228 suBa
416 3184 486 3229 m2
507 3184 556 3228 in
575 3185 678 3242 ras.)
702 3184 742 3227 Β
841 3170 1062 3228 laboribus
1083 3183 1158 3226 del.
1181 3183 1250 3227 m2
1275 3182 1314 3224 Β
1414 3183 1465 3225 13
1487 3180 1638 3223 melior
1660 3182 1724 3221 est
1746 3191 1796 3221 ex
1817 3176 2033 3219 meliorem
2053 3174 2165 3218 m2D

219 3256 302 3300 illa
321 3270 375 3301 ex
392 3256 486 3301 illic
509 3258 548 3302 Β
734 3260 785 3303 14
811 3261 1006 3302 tesauros
1036 3257 1075 3300 Β
1261 3255 1398 3312 possit
1423 3269 1501 3298 om.
1528 3255 1561 3297 J
1564 3252 1694 3306 ,Eae
1883 3248 2068 3291 effodere
2091 3245 2168 3291 J2'

222 3330 275 3374 16
296 3345 374 3376 suo
394 3330 512 3376 Σα.ο.
683 3334 734 3377 17
760 3331 847 3376 tuis
867 3332 983 3375 hom.
1003 3330 1080 3375 JE
1244 3331 1295 3373 18
1317 3328 1439 3372 carth
1457 3328 1505 3384 (h
1523 3341 1555 3369 s.
1578 3328 1602 3369 l.
1623 3326 1690 3368 mz'
1709 3324 1764 3380 Σ)
1784 3336 1857 3366 ace
1876 3322 1909 3378 (i
1925 3322 1976 3376 J)
1997 3321 2030 3364 is
2047 3321 2079 3364 J
2085 3319 2164 3363 ΣΒ

221 3404 447 3449 ammonui
469 3405 547 3450 JZ
637 3406 691 3450 19
711 3419 815 3463 prae
836 3419 915 3449 om.
937 3406 971 3449 J
974 3404 1104 3458 ,Σα.σ.
1217 3404 1270 3447 20
1292 3404 1612 3446 commeantum
1636 3401 1674 3442 D
1783 3395 1984 3453 relegere]
2005 3394 2164 3451 replere

221 3491 275 3521 ex
291 3477 425 3523 relere
446 3479 488 3522 D
611 3480 662 3523 22
690 3479 785 3536 cepi
810 3478 1043 3523 {aamsB
1167 3478 1219 3520 23
1250 3478 1553 3533 paragramata
1581 3474 1632 3524 D,
1661 3472 1698 3514 Β
1725 3473 1797 3525 (ex
1822 3472 2052 3526 'paragrata
2075 3466 2163 3518 m2)

152 3587 174 3597 „
220 3551 425 3608 repereris
454 3551 661 3606 Σα.σ.ΒΒ
850 3555 902 3596 24
928 3552 1113 3596 imutare
1143 3550 1330 3594 Ba.c.m2
1516 3546 1618 3602 tuis]
1646 3558 1678 3587 s.
1709 3545 1734 3587 l.
1762 3544 1856 3587 add.
1885 3541 2026 3600 pueris
2052 3540 2164 3584 m2D

227 3623 280 3668 25
305 3624 601 3683 librorumque
629 3627 740 3671 Ja.c.
771 3625 1046 3670 librariorum
1079 3625 1193 3668 Ba.c.
