2528 4186
354 1409 377 1446 2

413 329 516 384 230
1113 343 1695 399 SanctiHieronymi

409 497 785 551 calumniarum
823 503 876 551 et
913 497 1290 552 dissensionum
1326 499 1478 552 urbes
1515 516 1577 552 ac
1614 499 1809 551 uiculos
1847 497 2098 566 uillasque
2147 497 2369 566 conplet.

409 579 619 643 insulaS,
655 579 835 644 maria,
871 584 1051 644 terraS,
1086 581 1255 644 litora,
1291 580 1420 644 uiaS,
1456 580 1706 633 transitus
1742 578 1916 632 studia
1949 577 2216 646 possident
2247 595 2373 632 aua-

407 661 574 725 ritiae,
604 661 731 714 dum
759 660 1010 714 desiderio
1039 663 1154 731 plus
1166 662 1394 715 habendi
1422 661 1772 731 negotiatione
1800 676 1992 712 merces
2019 661 2122 713 huc
2149 659 2372 730 illucque

409 747 683 796 conmutat
714 747 767 796 et
798 742 1067 797 fraudibus
1098 749 1258 812 atque
1289 743 1522 812 periuriis
1555 741 1859 795 diuitiarum
1889 740 2013 794 iacit
2043 741 2372 812 inexplebilia

410 824 769 878 fundamenta.
1908 839 1914 845 “

547 906 625 959 16.
660 904 845 974 ltaque
883 905 1095 958 huiusce
1123 905 1266 958 modi
1292 905 1490 958 rabiem
1518 908 1907 958 contemnentes
1936 902 2146 957 diuitias
2175 904 2374 958 cultum

410 987 494 1040 dei
526 993 578 1040 et
606 986 927 1040 firmissimas
951 987 1294 1056 possessiones
1329 986 1587 1040 castitatis
1621 984 2020 1040 sanctimoniam
2052 985 2373 1054 requiramus

410 1069 687 1123 adorantes
717 1069 880 1138 patris
912 1074 964 1121 et
994 1069 1088 1121 filii
1118 1075 1171 1122 ct
1201 1067 1411 1138 spiritus
1442 1068 1610 1121 sancti
1639 1084 1799 1122 unam
1829 1066 2178 1131 diuinitatem‘,
2210 1068 2375 1120 resur-

409 1150 692 1204 rectionem
720 1156 1046 1204 mortuorum
1075 1149 1519 1219 incorruptibilem
1549 1155 1601 1203 et
1630 1149 1818 1220 iugiter
1845 1154 2237 1218 permanentem
2267 1165 2374 1202 esse

411 1232 692 1286 credentes,
751 1248 918 1300 neque
957 1232 1094 1285 enim
1133 1231 1247 1285 fieri
1283 1235 1474 1300 potest,
1536 1237 1595 1284 ut
1633 1248 1750 1285 eam
1787 1247 1925 1284 mors
1965 1236 2189 1299 superet,
2238 1246 2369 1300 quae
2434 1274 2436 1277 .
2478 1257 2515 1288 ·.=

412 1313 602 1366 Christi
627 1313 863 1383 passione
891 1313 1103 1366 firmata
1129 1318 1208 1366 est
1234 1313 1533 1366 suscitantis
1561 1313 1920 1382 incorruptum
1947 1316 2000 1364 et
2025 1312 2080 1365 in
2104 1317 2376 1366 aeternum

411 1411 718 1464 permanens
754 1395 1009 1463 templum
1045 1395 1269 1463 corporis
1305 1394 1399 1447 sui.
1457 1411 1659 1448 oremus
1694 1411 1786 1464 pro
1821 1393 2063 1463 piissimis
2098 1394 2377 1463 imperato·
2493 1399 2501 1427 ²

409 1475 551 1530 ribus
594 1482 647 1529 et
689 1476 1048 1530 obseruatione
1089 1475 1213 1546 legis
1256 1476 1339 1529 dei
1379 1475 1687 1530 ieiuniorum
1727 1481 2008 1546 praecepta
2058 1475 2374 1540 decoremUS,

414 1557 535 1627 quia
553 1557 720 1611 uirtus
739 1558 936 1627 absque
956 1559 1061 1611 ulla
1080 1557 1387 1613 necessitate
1408 1558 1639 1611 custodit
1657 1563 1938 1611 sectatores
1959 1574 2077 1614 suos
2097 1562 2151 1611 et
2169 1573 2378 1610 sensum

412 1639 467 1691 in
494 1640 833 1709 cogitationes
862 1640 1032 1693 uarias
1061 1639 1410 1693 fluctuantem
1449 1640 1512 1692 de
1540 1639 1754 1693 terrenis
1782 1641 1850 1693 ad
1886 1639 2086 1692 excelsa
2128 1635 2378 1690 sublimat
2463 1683 2470 1691 .

412 1737 746 1791 nequaquam
813 1721 1254 1790 pulchritudinem
1323 1738 1612 1790 corporum,
1684 1722 1773 1779 sed
1843 1720 2248 1774 conuersationis
2315 1736 2378 1774 ac

413 1819 618 1856 morum
641 1803 876 1872 ordinem·
895 1803 1269 1872 contemplanS,
1294 1803 1568 1856 ostendens
1591 1803 1638 1856 ei
1656 1802 1968 1856 laetantium
1989 1802 2043 1854 in
2063 1802 2204 1855 caelo
2225 1806 2379 1871 ange·
2435 1852 2442 1855 .
2478 1824 2483 1826 ·

412 1884 580 1937 lorum
614 1885 794 1938 choros
829 1890 881 1937 et
915 1886 1103 1938 docens
1138 1883 1522 1953 splendentium
1555 1884 1944 1954 disciplinarum
1977 1884 2196 1953 fulgura,
2230 1887 2293 1936 ut
2324 1882 2380 1937 in

413 1966 674 2035 praesenti
705 1967 907 2020 saeculo
942 1966 1089 2037 quasi
1118 1967 1321 2019 athleta
1352 1966 1662 2019 fortissimus
1694 1966 1882 2019 inlatas
1914 1965 2170 2019 sustineat
2199 1965 2378 2035 plagas

414 2053 467 2100 et
508 2048 741 2101 futuram
782 2065 874 2117 pro
915 2048 995 2101 his
1036 2048 1252 2117 gloriam
1292 2048 1653 2116 praestoletur,
1701 2063 2034 2117 nequaquam
2073 2046 2216 2100 uitiis
2257 2045 2379 2100 sub-

414 2129 601 2193 iacens,
650 2130 739 2183 sed
767 2129 1064 2184 interiorem
1091 2129 1355 2183 hominem
1383 2129 1634 2183 desiderio
1664 2129 1743 2182 sui
1770 2130 1838 2182 ad
1865 2134 2078 2183 aeterna
2105 2128 2378 2184 sustollens

414 2216 574 2279 atque
601 2227 776 2264 omnes
802 2211 1027 2280 impetus
1052 2211 1340 2280 uoluptatis
1364 2211 1565 2264 ratione
1591 2226 1900 2280 conpescens
1925 2216 1984 2263 ut
2007 2210 2135 2263 illud
2168 2209 2377 2280 cogitet,

416 2293 554 2360 quod
589 2293 794 2346 futurus
829 2299 922 2357 est,
958 2299 1027 2357 et,
1063 2298 1322 2362 quantum
1353 2298 1530 2362 potest
1561 2293 1813 2346 sustinere
1844 2293 2077 2346 humana
2109 2291 2376 2361 fragilitas,

414 2375 623 2428 recedat
669 2392 701 2427 a
749 2375 1092 2444 corporalium
1138 2391 1310 2431 rerum
1357 2374 1701 2428 sollicitudine
1748 2374 2039 2443 praeferens
2088 2372 2378 2428 carnalibus

415 2455 683 2523 spiritalia,
716 2461 777 2508 ut
809 2457 969 2510 etiam
999 2457 1172 2526 ipsum
1204 2473 1388 2525 corpus
1419 2455 1704 2525 despiciens
1737 2461 1790 2508 et
1821 2455 2173 2525 praesentium
2204 2453 2379 2508 studia
2435 2495 2438 2498 ι
2478 2499 2484 2509 ,
2522 2529 2526 2544 ¹

415 2537 752 2606 uoluptatum
777 2537 1052 2601 duriorem,
1081 2538 1169 2591 sed
1195 2537 1459 2590 meliorem
1484 2537 1652 2590 uitam
1677 2537 1804 2590 inire
1829 2537 2160 2609 persuadeat,
2183 2541 2260 2599 ut,
2291 2535 2380 2604 qui

417 2618 617 2671 dudum
637 2618 840 2671 libidini
861 2619 1135 2683 seruiebat,
1157 2619 1399 2671 libertate
1421 2619 1559 2672 bona
1581 2618 1773 2671 seruiat
1795 2617 2028 2674 castitati
2048 2622 2102 2671 et
2122 2622 2378 2671 retractus

414 2716 447 2752 a
477 2699 786 2769 praecipitiis
817 2700 993 2753 mollia
1041 2700 1348 2753 ieiuniorum
1379 2700 1524 2753 frena
1554 2700 1817 2768 suscipiat.
1869 2699 2077 2763 etenim,
2110 2698 2155 2752 si
2184 2699 2378 2768 absque

415 2786 611 2834 rectore
645 2781 800 2834 fuerit
831 2799 893 2835 ac
924 2782 1172 2851 magistro
1207 2798 1480 2850 corporum
1512 2781 1721 2834 infirma
1753 2786 1943 2834 natura
1974 2797 2069 2834 nec
2100 2779 2380 2849 imperanti

414 2862 588 2915 animo
613 2863 835 2916 uoluerit
861 2863 1115 2927 oboedire,
1142 2869 1195 2916 et
1219 2863 1317 2916 sibi
1340 2869 1393 2916 et
1416 2863 1604 2916 rectori
1628 2863 1857 2916 concitat
1877 2860 2086 2916 infinita
2108 2861 2380 2932 naufragia

416 2948 469 2997 et
495 2944 751 3013 pertrahit
779 2961 898 2997 eum
925 2945 992 2998 ad
1021 2945 1345 3013 turpissimas
1373 2945 1610 2998 libidines
1639 2961 1699 2998 ac
1727 2944 2376 3014 baratrum-uoluptatum,

543 3105 593 3149 11
618 3106 670 3149 cf.
699 3106 790 3149 Ioh.
815 3108 854 3159 2,
878 3075 1041 3151 'ie—21

546 3210 566 3252 1
590 3198 762 3254 ui-culos
787 3211 829 3255 U
915 3209 1138 3266 complent
1157 3210 1198 3254 V
1285 3210 1310 3252 2
1332 3208 1421 3253 litt.
1449 3210 1489 3253 U
1576 3209 1769 3266 possidet
1786 3224 1815 3264 ,ς
1907 3208 2100 3253 auaritia
2121 3222 2145 3263 ς
2224 3210 2253 3253 3
2273 3207 2378 3252 dum

418 3296 462 3327 se
480 3284 559 3327 TV
616 3283 860 3341 negotiatio
879 3285 917 3328 T
985 3286 1010 3328 4
1023 3283 1133 3328 facit
1148 3284 1228 3328 TV
1308 3285 1332 3328 7
1346 3282 1568 3335 castitatis
1579 3287 1625 3328 et
1635 3282 1954 3328 sanctimoniae
1967 3298 1992 3338 ς
2059 3283 2110 3327 11
2124 3281 2341 3329 suscitans
2354 3294 2380 3337 ς

420 3356 471 3399 15
494 3358 709 3402 excelsam
736 3359 776 3403 U
865 3358 917 3403 16
937 3358 1074 3415 pulcr.
1100 3358 1139 3402 T
1243 3357 1595 3402 conuersationes
1621 3358 1782 3403 Ta.c.V
1871 3359 1922 3403 17
1943 3357 2314 3414 contemplantem
2339 3356 2380 3400 U

419 3432 472 3475 18
493 3431 663 3489 fulgora
687 3434 800 3477 Tmo.
825 3432 990 3491 fulgore
1011 3433 1052 3477 V
1119 3431 1174 3476 19
1194 3431 1379 3476 althleta
1400 3445 1450 3475 ex
1469 3431 1670 3481 anthleta
1694 3433 1732 3476 T
1801 3432 1854 3475 22
1874 3435 1927 3476 ut
1945 3445 2023 3475 om.
2050 3431 2130 3476 TV
2217 3429 2319 3476 illut
2338 3430 2378 3473 T

421 3505 473 3548 23
495 3505 693 3550 futurum
719 3507 759 3551 U
894 3506 946 3551 25
967 3510 1013 3552 et
1034 3519 1136 3552 ema
1164 3507 1202 3550 T
1326 3505 1476 3551 studia
1498 3519 1575 3550 om.
1606 3507 1687 3551 TV
1812 3505 1864 3550 26
1884 3505 2162 3562 uoluptatem
2183 3503 2378 3561 Vp.c.m2

419 3579 469 3622 27
492 3579 676 3637 dudum]
698 3584 792 3624 tum
816 3596 840 3636 ς
943 3580 1130 3625 libidine
1155 3580 1314 3625 Ta.c.V
1406 3584 1513 3624 cast.
1537 3594 1644 3624 seru.
1671 3581 1710 3624 V
1803 3583 1849 3623 et
1869 3594 1946 3624 om.
1972 3581 2012 3624 V
