2528 4186
823 403 1102 462 Epistula
1136 405 1168 450 C
1207 400 1370 450 12—14
1981 395 2078 447 227

75 563 77 566 ’
125 558 336 614 ueritati
365 558 676 612 fabricantes
708 558 763 612 in
791 559 1062 612 hominum
1093 559 1483 613 similitudinem
1514 561 1651 614 idola
1683 568 1734 614 et
1767 562 2076 616 inuisibilem

20 700 22 707 ,
70 662 72 667 ·
125 641 542 710 blasphemantes
573 641 744 703 deum,
777 641 903 693 dum
934 640 1155 693 formam
1185 646 1238 694 et
1267 642 1501 694 membra
1530 647 1583 694 et
1615 659 1805 711 organa
1834 643 2078 712 genitalia

19 718 23 785 ξ
70 751 79 793 ².
124 720 179 774 in
217 739 277 775 eo
319 738 425 775 esse
467 721 771 791 confingunt
811 737 948 774 1111110
977 721 1148 775 uirum
1187 738 1326 775 1111110
1355 722 1601 775 feminam
1642 723 1965 788 confitentes
2008 743 2034 778 e
2055 731 2078 777 t

19 793 31 866 ζρ
73 819 77 869 ζ
123 808 626 856 mutauerunt
695 802 1020 871 gloriam
1090 803 1746 872 incorruptibilis
1817 804 1937 857 dei
2007 806 2079 858 in

28 883 70 949 “’,
124 883 733 937 similitudinem
835 883 1198 954 imaginis
1302 884 1867 953 corruptibilis
1969 886 2078 939 ho—

122 964 304 1017 mini
323 982 346 1018 s
372 965 735 1034 uariarumque
762 964 1061 1030 formarum,
1100 965 1177 1018 ita
1203 964 1444 1034 Origenes
1472 965 1721 1018 facilitate
1749 971 1802 1018 et
1827 965 2077 1035 inpietate

25 1116 28 1122 1
123 1045 443 1100 credentium
468 1046 616 1117 quasi
639 1046 853 1100 delubra
876 1045 1132 1100 idolorum
1155 1051 1481 1100 tractatuum
1504 1063 1715 1100 suorum
1738 1054 2077 1101 monumenta

26 1144 29 1146 ·
122 1126 334 1192 dimisit,
361 1143 492 1196 quae
515 1144 608 1181 nos
631 1127 944 1181 auctoritate
969 1127 1342 1197 scripturarum
1365 1133 1417 1180 et
1442 1128 1547 1181 zelo
1572 1128 1695 1181 fidei
1717 1127 2077 1182 subuertentes

64 1248 79 1279 3,
121 1210 334 1262 Utamur
371 1208 459 1261 illa
498 1201 847 1262 similitudine.
901 1215 962 1263 ut
1002 1209 1139 1262 0111111
1180 1209 1512 1262 caementarii
1553 1210 1806 1278 quadram
1847 1210 2076 1263 uolentes

33 1353 40 1362 ἱ
95 1306 98 1313 ·
121 1289 394 1344 aedificare
415 1290 630 1343 domum
648 1291 890 1360 aequales
929 1307 995 1344 ex
1014 1290 1155 1344 omni
1174 1296 1322 1359 parte
1341 1290 1563 1359 parietes
1582 1291 1873 1344 metiuntur
1891 1307 2078 1360 eosque

38 1419 40 1422 .
88 1430 91 1431 ⁷
121 1387 303 1425 norma
338 1376 391 1424 et
426 1371 790 1441 perpendiculo
827 1371 1120 1442 dirigentes,
1159 1372 1298 1443 quod
1333 1371 1507 1425 animo
1544 1371 1888 1441 depinxerint,
1927 1389 2076 1441 opere

74 1457 78 1462 ’
120 1457 371 1506 extruunt
393 1457 446 1505 et
466 1452 695 1506 eiusdem
706 1468 975 1507 mensurae
1000 1470 1092 1523 per
1114 1454 1372 1523 quadrum
1393 1453 1558 1507 latera
1581 1459 1833 1524 quattuor
1854 1453 2077 1523 iungunt

120 1533 318 1604 angulis
362 1545 565 1587 sursum
606 1551 668 1587 ac
709 1535 951 1588 deorsum
993 1540 1233 1604 coeptam
1273 1535 1648 1605 aequalitatem
1690 1535 1945 1604 paulatim
1987 1551 2079 1604 per

21 1682 23 1686 Ι
55 1652 61 1673 ;,
119 1614 436 1669 incrementa
469 1621 749 1680 seruanteS‚
785 1621 845 1669 ut
877 1616 1124 1670 materiae
1158 1616 1516 1670 diuersitatem
1549 1616 1731 1686 iungat
1765 1616 1929 1685 operis
1963 1616 2077 1685 pul-

97 1707 99 1709 ’
121 1696 358 1750 chritudo
390 1701 444 1750 et
482 1697 752 1766 angulares
782 1697 941 1751 lineas
991 1697 1182 1751 artifex
1210 1703 1472 1751 structura
1503 1697 1780 1761 custodiat,
1820 1697 1892 1750 sic
1921 1697 2077 1750 eccle-

119 1776 228 1831 siae
248 1783 605 1847 praeceptores
631 1779 882 1832 habentes
909 1778 1208 1833 testimonia
1234 1779 1606 1848 scripturarum
1632 1778 1784 1832 firma
1810 1778 2075 1831 doctrinae

78 1872 82 1875 ·
118 1858 314 1912 iaciunt
355 1859 698 1913 fundamenta
739 1865 791 1913 et
832 1860 1078 1929 intrepidi
1118 1867 1425 1930 permanent
1468 1861 1742 1914 offerentes
1786 1876 1942 1929 opera
1983 1877 2075 1912 sua
2147 1867 2152 1871 ’

44 1935 46 1937 ’
119 1940 322 1996 Christo
363 1946 524 2011 atque
566 1940 820 1995 dicentes:
863 1942 1243 1995 confirma
1302 1959 1402 1995 me
1464 1942 1536 1994 in
1576 1940 1838 1994 uerbis
1899 1940 2073 1993 tuis.

16 2063 31 2094 4
74 2027 83 2067 ὲ
118 2022 226 2093 ipse
253 2026 332 2076 est
359 2022 512 2087 enim,
542 2023 606 2076 de
636 2039 738 2092 quo
766 2023 1018 2092 scriptum
1046 2028 1148 2076 est:
1176 2023 1391 2092 lapid
1413 2040 1528 2087 em,
1578 2039 1787 2092 quem
1832 2039 1902 2075 re
1925 2038 2076 2091 pro—

16 2099 45 2166 ¹.
90 2104 507 2158 'bauerunt
541 2104 1095 2168 aedificanteS‚
1132 2105 1252 2158 hic
1288 2097 1549 2158 factus
1587 2109 1702 2157 est
1737 2103 1810 2156 in
1845 2107 2114 2178 caput,

20 2196 44 2259 {¹-
62 2212 82 2258 j
117 2203 150 2240 a
168 2201 206 2238 n
221 2203 256 2255 g
276 2203 310 2239 u
329 2184 399 2250 11,
435 2201 527 2239 nos
554 2191 607 2239 et
631 2203 733 2250 000,
762 2185 850 2256 qui
873 2202 1077 2239 sursum
1098 2191 1236 2249 sunt,
1268 2202 1372 2239 una
1389 2185 1734 2239 sollemnitate
1759 2183 2073 2248 consociam,

20 2260 33 2334 {i
115 2267 184 2322 ad
225 2283 384 2337 quam
423 2283 575 2321 cursu
614 2267 763 2321 celeri
801 2267 1106 2337 nauigantes
1145 2267 1342 2320 rabiem
1382 2272 1562 2320 contra
1601 2283 1693 2320 nos
1731 2265 2076 2319 hereticorum

70 2351 71 2354 ’
118 2348 375 2403 fluctuum
411 2348 657 2402 uelociter
691 2348 1075 2402 dissoluendam
1111 2348 1321 2401 minime
1360 2348 1711 2402 formidemus

15 2492 27 2507 .,
69 2499 75 2503 ,
251 2445 328 2498 14.
365 2443 509 2498 Sicut
538 2443 676 2497 enim
703 2444 1072 2514 gubernatores
1102 2460 1410 2513 magnarum
1438 2442 1669 2515 nauium,
1702 2459 1820 2495 cum
1849 2441 2075 2495 uiderint

21 2572 28 2591 ,
97 2517 106 2542 ·’
118 2523 409 2595 inmensum
445 2542 511 2578 ex
545 2525 653 2579 alto
690 2524 863 2578 uenire
900 2525 1172 2595 gurgitem,
1213 2524 1361 2594 quasi
1397 2530 1668 2578 uenatores
1707 2523 2076 2577 ferocissimam

21 2636 51 2655 τ
76 2670 78 2673 ,
117 2605 339 2660 bestiam
355 2612 656 2676 spumantes
675 2606 865 2660 fluctus
883 2606 1171 2676 suscipiunt
1187 2622 1375 2675 eosque
1393 2623 1574 2676 prorae
1593 2604 1879 2659 obiectione
1897 2610 2099 2658 susten-

20 2679 51 2761 fis<
77 2726 87 2734 -.
117 2691 235 2742 tant
265 2688 533 2742 flectentes
564 2687 619 2741 in
648 2688 911 2742 diuersum
940 2689 1288 2758 gubernacula
1319 2693 1387 2752 et,
1420 2693 1576 2757 prout
1607 2692 1885 2740 uentorum
1916 2686 2074 2739 flatus

16 2765 54 2836 ἴς
87 2827 90 2830 ,
118 2773 171 2823 et
200 2769 476 2827 necessitas
507 2770 790 2840 imperarit,
824 2769 1133 2842 stringentes
1166 2769 1419 2822 funiculos
1455 2769 1536 2822 uel
1565 2769 1818 2831 laxanteS‚
1854 2784 2074 2836 cumque

24 2870 27 2878 ’
117 2851 258 2920 unda
281 2851 583 2916 subsederit,
609 2868 676 2905 ex
697 2857 918 2921 utroque
942 2851 1090 2906 nauis
1114 2851 1273 2905 latere
1297 2850 1590 2904 laborantia
1615 2850 1881 2904 clauorum
1904 2848 2075 2901 uincla

34 2922 410 3007 ,361111111311110
445 2938 506 2987 ut
539 2949 818 3003 parumper
852 2932 1167 3003 quiescentia
1200 2938 1421 2986 uenturo
1460 2931 1651 3002 gurgiti
1685 2935 2072 3001 praeparentur,

242 3119 268 3201 3
290 3137 416 3182 Rom.
440 3139 477 3192 1,
501 3138 554 3182 23
698 3139 751 3183 18
773 3138 841 3182 Ps.
866 3139 958 3192 118,
982 3138 1035 3182 28
1170 3137 1222 3180 19
1242 3137 1403 3182 Matth.
1427 3137 1492 3190 21,
1516 3115 1568 3180 4'2

38 3302 51 3314 1
243 3263 266 3306 1
285 3263 334 3307 in
355 3277 435 3308 om.
462 3263 504 3308 U
624 3262 914 3308 similitudine
941 3261 981 3308 U
1101 3264 1127 3307 3
1147 3262 1207 3308 eis
1229 3278 1255 3318 ς
1375 3262 1400 3306 5
1419 3262 1550 3320 imag.
1574 3275 1651 3306 om.
1681 3261 1723 3306 U
1842 3259 1867 3302 6
1889 3258 2075 3316 origenis

39 3325 49 3385 3¹}
125 3334 174 3389 Τ,
189 3335 305 3381 Va.c.
426 3339 462 3382 ¹7
482 3336 757 3381 monimenta
781 3338 862 3381 TV
879 3336 1165 3381 monimentis
1185 3351 1210 3392 ς
1340 3337 1366 3381 8
1386 3334 1563 3380 demisit
1586 3336 1625 3379 T
1750 3334 1776 3376 9
1796 3336 1847 3376 ut
1866 3332 2028 3376 etenim
2050 3346 2075 3387 ς

42 3441 47 3443 -
68 3406 93 3452 ῑῖ
121 3413 302 3455 cement.
324 3411 438 3456 codd.
499 3411 553 3456 13
572 3424 742 3455 rursum
767 3411 924 3458 TVa.c.
1001 3409 1492 3468 paulatimquerTaffv
1548 3421 1626 3465 per
1645 3420 1723 3451 om.
1748 3421 1772 3462 ς
1841 3406 1891 3450 15
1912 3406 2076 3450 artifex

16 3518 17 3523 =
121 3492 215 3539 ⁰⁵01)-
236 3485 272 3528 α
289 3483 339 3528 ²7¹2
357 3497 437 3542 my.
461 3485 532 3528 m2
552 3484 751 3530 hedificii
772 3482 812 3526 V
936 3486 986 3530 17
1007 3484 1178 3529 faciunt
1201 3482 1283 3528 TV
1405 3483 1458 3526 19
1477 3497 1540 3539 pr.
1564 3484 1630 3526 est
1650 3495 1728 3526 om.
1753 3495 1778 3536 ς
1900 3480 1949 3523 21
1974 3493 2074 3523 con·

50 3550 91 3595 rx'
121 3555 260 3617 sgoiat
279 3570 307 3613 ς
430 3559 484 3602 24
503 3558 617 3603 sicut
636 3559 706 3616 (ut
726 3560 847 3615 eras.)
869 3559 912 3603 T
1042 3558 1096 3603 28
1115 3557 1320 3616 cumque]
1341 3559 1477 3614 utque
1498 3556 1600 3612 (0.1.)
1615 3555 1655 3599 V
1759 3554 1813 3597 29
1833 3553 2012 3597 uincula
2033 3553 2073 3596 V

53 3598 87 3691 ῑξ
121 3627 172 3674 30
193 3627 436 3676 demittunt
453 3632 495 3677 U

55 3718 90 3747 :ss-
106 3737 111 3745 .

52 3981 54 3985 .
91 3966 115 3986 ⁷'.'

53 4003 56 4010 .

34 4156 43 4168 a
114 4149 137 4167 ἰ,

115 4178 136 4186 e.

1900 3715 1982 3760 15*
