2528 4186
735 328 1013 386 Epistula
1050 330 1291 376 LXXVIII
1331 334 1493 377 14—16
2010 327 2080 380 65

132 484 398 555 pingues
426 499 638 536 eorum
666 487 726 536 et
752 481 983 535 electos
1005 483 1243 536 Israhel
1271 487 1691 554 praepediuit‚
1721 506 1784 541 ne
1806 491 1872 542 ad
1890 491 2085 544 malum

135 565 379 619 uelociter
411 568 696 627 currerent3
730 564 867 618 unde
900 569 952 616 et
984 564 1272 634 appellatus
1307 571 1383 618 est
1415 566 1554 620 locus
1590 569 1872 636 ‘sepulchra
1902 589 2085 624 concu-

134 645 435 716 piscentiae‘
477 645 600 710 siue,
640 650 700 698 ut
737 645 793 698 in
834 645 1178 714 Septuaginta
1213 646 1443 714 legimus,
1487 648 1776 701 ‘memoriae
1816 652 2082 706 desiderii‘.

135 745 200 780 ex
230 726 416 796 quibus
449 726 686 780 omnibus
717 743 810 779 nos
844 726 1100 790 docemur,
1137 727 1225 794 qui
1255 728 1565 797 sapientiam
1597 730 1880 783 dimisimus
1913 750 2083 785 saecu-
2120 749 2140 784 4

12 802 13 806 ’
72 801 117 869 ⁴5'
133 809 294 862 larem
337 812 389 861 et
431 807 715 877 Aegyptias
760 806 884 860 oHas
928 807 1347 876 contempsimuS,
1392 826 1497 861 non
1541 810 1723 863 debere
1766 828 2084 866 murmurare

12 888 15 902 ἱ
133 894 316 942 contra
343 889 615 941 caelestem
635 888 1007 957 scripturarum
1034 905 1223 957 panem
1250 906 1342 941 nec
1370 890 1671 944 iurulentias
1695 892 2084 962 Aegyptiorum,

136 970 224 1039 qui
255 974 378 1024 sunt
410 960 718 1038 magnarum
750 969 997 1034 carnium,
1035 970 1124 1022 sed
1157 970 1440 1039 simplicem
1471 989 1692 1025 mannae
1726 973 1898 1026 cibum
1933 991 2086 1042 quae·
2132 971 2136 975 ’

131 1068 264 1115 1616;
296 1051 540 1120 alioquin,
573 1051 616 1103 si
642 1067 818 1121 rursus
849 1067 933 1103 eas
964 1050 1276 1103 uoluerimus
1308 1057 1564 1121 appetere,
1597 1054 1893 1107 uorabimus
1924 1073 2086 1124 usque

9 1190 35 1196 ‚J
133 1133 200 1186 ad
219 1132 456 1186 nausiam
489 1137 545 1185 et¹
573 1132 755 1185 statim
789 1131 984 1184 domini
1014 1131 1130 1200 igne
1162 1133 1519 1201 torquebimur
1552 1134 1960 1204 desideriumque
1997 1154 2086 1189 no-

10 1209 16 1269 {
48 1227 99 1265 ιο
132 1217 299 1267 strum
320 1202 552 1266 uertetur
573 1213 627 1265 in
648 1212 893 1277 tumUIOS,
928 1217 989 1265 ut
1010 1213 1167 1266 simus
1204 1213 1538 1282 sepulchra
1576 1215 1883 1280 dealbata,
1931 1234 2087 1285 quae

132 1294 285 1348 foris
313 1299 540 1364 parent
564 1293 929 1347 hominibus
955 1294 1253 1364 speciosa,
1281 1295 1459 1348 intus
1486 1301 1697 1349 autem
1726 1297 1912 1366 plena
1936 1305 2088 1351 sunt

135 1375 380 1429 ossibus
414 1379 811 1428 mortuorum
843 1380 902 1428 et
934 1375 1104 1428 omni
1135 1376 1462 1444 spurcitia.

198 1457 278 1510 16.
317 1456 398 1510 Et
431 1456 719 1526 vprofecti
765 1457 836 1509 de
881 1456 1233 1526 sepulchris
1282 1458 1841 1526 concupiscentiae
1882 1466 2088 1513 castra

140 1538 363 1593 metati
390 1543 543 1591 sunt
572 1538 639 1590 in
663 1537 943 1591 Aseroth.
1496 1578 1499 1582 .

8 1667 26 1684 „
50 1633 96 1670 15
204 1620 404 1682 Quarta
428 1619 628 1672 decima
650 1619 850 1672 mansio
874 1619 929 1672 in
952 1618 1228 1672 solitudine
1252 1619 1473 1684 Pharan,
1504 1637 1634 1688 quae
1657 1621 1711 1673 in
1738 1621 1904 1673 ‘atria‘
1930 1623 2085 1674 uerti-

11 1710 42 1759 j
130 1704 231 1753 tur.
277 1700 334 1754 in
366 1699 464 1753 hac
497 1700 673 1754 Aaron
706 1705 759 1754 et
791 1700 956 1753 Maria
999 1705 1211 1770 propter
1245 1701 1626 1770 Aethiopissam
1661 1707 1842 1754 contra
1874 1703 2086 1771 Moysen

12 1792 13 1802 ¹
129 1786 457 1834 murmurant
490 1786 542 1835 et
572 1782 628 1835 in
658 1786 848 1851 typum
879 1781 974 1834 zeli
1027 1783 1271 1835 aduersus
1305 1783 1568 1835 ecclesiam
1601 1784 1662 1836 de
1693 1783 1934 1852 gentibus
1967 1801 2086 1836 con·
2135 1783 2140 1787 ’

129 1866 398 1932 gregatam
420 1863 642 1932 populus
669 1863 982 1917 Iudaeorum
1004 1862 1174 1933 leprae
1200 1864 1347 1916 sorde
1370 1864 1698 1933 perfunditur
1733 1881 1827 1917 nec
1860 1865 1995 1917 redit
2021 1866 2087 1918 ad

3 2006 4 2009 Ἴ
131 1941 528 1998 tabernaculum
555 1948 608 1997 et
640 1944 916 2014 pristinam
936 1939 1118 2014 recipit
1141 1945 1437 2009 sanitatem,
1463 1946 1623 1998 donec
1646 1950 1907 1998 statutum
1929 1946 2088 2015 pleni-

3 2038 100 2098 ‘22⁰
131 2025 327 2078 tudinis
363 2025 599 2094 gentium
633 2031 841 2095 tempus
877 2026 1090 2095 inpleat.
1130 2031 1182 2079 et
1218 2027 1330 2091 hoc,
1369 2027 1593 2096 prudens
1629 2027 1803 2091 lector,
1845 2027 2083 2093 adtende,
2122 2042 2142 2077 2

7 2091 35 2121 ²
134 2107 274 2175 quod
289 2111 409 2176 post
427 2113 845 2161 consummatam
860 2107 916 2161 in
933 2107 1237 2161 duodecimo
1255 2125 1468 2161 numero
1487 2109 1752 2172 uirtutem,
1775 2108 1896 2176 quia
1914 2125 2087 2178 super-

133 2187 230 2240 biit
262 2187 458 2241 Israhel
487 2193 539 2241 et
567 2188 623 2242 in
653 2188 932 2258 sepulchris
963 2189 1407 2259 concupiscentiae
1438 2206 1613 2242 carnes
1644 2189 1927 2258 Aegyptias
1958 2190 2087 2242 desi-

131 2268 350 2334 derauit,
380 2286 587 2322 rursum
614 2269 738 2322 iacit
764 2270 905 2323 aliud
932 2270 1335 2323 fundamentum
1365 2276 1416 2323 et
1442 2271 1589 2335 atria,
1620 2270 1675 2323 id
1704 2276 1781 2322 est
1811 2269 2086 2334 uestibula,

130 2350 341 2404 uirtutis
365 2350 651 2420 ingreditur
677 2351 951 2405 ostendens
973 2351 1120 2405 nobis
1141 2357 1194 2405 et
1220 2369 1319 2416 eos,
1350 2352 1437 2420 qui
1459 2356 1617 2415 stant,
1644 2368 1791 2420 posse
1817 2351 1995 2404 cadere
2017 2357 2084 2414 et,

3 2434 96 2516 {225
136 2431 228 2500 qui
259 2431 566 2497 ceciderant,
598 2449 872 2501 resurgere.
919 2433 1166 2502 positus
1207 2439 1299 2486 est
1333 2428 1473 2486 Iesus
1512 2433 1578 2485 in
1616 2432 1865 2485 ruinam
1906 2438 1965 2485 et
2003 2449 2086 2484 re-

247 2565 272 2607 2
293 2562 347 2609 cf.
367 2563 503 2609 Num.
526 2565 594 2618 33,
616 2564 669 2609 16
808 2566 835 2610 3
855 2565 910 2610 cf.
930 2565 1064 2611 Num.
1086 2566 1155 2618 33,
1179 2566 1232 2609 16
1253 2579 1337 2610 sec.
1359 2564 1488 2608 LXX
1626 2565 1651 2609 5
1671 2564 1725 2609 cf.
1747 2564 1829 2609 Ex.
1859 2565 1926 2615 16,
1949 2564 2083 2607 2-15

3 2635 40 2708 ξ
131 2639 156 2682 7
169 2637 224 2682 ci.
240 2637 396 2683 Ezech.
415 2638 481 2691 16,
497 2638 550 2683 26
628 2639 682 2683 10
699 2638 885 2683 *Matth.
904 2641 970 2692 23,
988 2641 1039 2683 27
1116 2641 1169 2683 13
1186 2639 1342 2683 *Num
1359 2640 1427 2691 33,
1444 2640 1495 2683 17
1573 2639 1624 2682 15
1639 2638 1692 2683 cf.
1709 2638 1863 2685 Onom.
1881 2652 1914 2682 S.
1932 2637 1998 2689 15,
2013 2639 2082 2689 19;

2 2714 62 2766 “³1-
133 2710 199 2764 21,
214 2712 267 2755 22
382 2712 435 2756 16
451 2712 504 2755 cf.
521 2711 653 2756 Num.
671 2726 706 2756 c.
723 2713 778 2757 12
892 2714 944 2757 24
959 2713 1013 2756 cf.
1031 2713 1149 2757 Hier.
1167 2714 1206 2765 8,
1222 2716 1248 2757 4
1362 2712 1414 2756 25
1434 2713 1537 2756 Luc.
1562 2714 1600 2763 2,
1621 2714 1676 2756 34

9 2867 10 2872 ,
35 2875 42 2882 ⁴
246 2822 268 2866 1
284 2822 446 2866 electus
459 2820 499 2866 Ω
549 2823 773 2866 maculum
788 2823 841 2867 W
891 2825 915 2867 2
929 2823 1159 2880 sepulchra
1170 2821 1256 2866 ΧΩ
1270 2836 1362 2866 -cra
1376 2825 1444 2866 cet.
1495 2824 1521 2867 3
1534 2822 1579 2865 in
1593 2837 1670 2866 om.
1689 2823 1741 2865 W
1778 2821 1988 2865 memoria
2001 2820 2086 2864 ΧΩ

3 2885 29 2958 ,ἐξ
70 2899 75 2910 ”
133 2895 268 2953 4nos]
283 2909 360 2940 nos
375 2909 524 2940 omnes
540 2911 565 2951 ς
621 2897 908 2954 temporalem
923 2897 1015 2941 siue
1030 2910 1140 2941 saec.
1155 2898 1190 2941 Ο
1247 2897 1272 2940 5
1288 2911 1375 2940 non
1391 2897 1546 2940 debere
1561 2910 1638 2939 nos
1654 2896 1700 2938 X
1754 2895 2016 2938 murmurari
2035 2895 2085 2936 W

3 2949 50 3032 ³¹}
133 2967 159 3011 6
173 2967 296 3013 iurel.
314 2970 367 3014 W
379 2969 621 3014 iurulentas
634 2971 704 3028 (ew
715 2970 996 3028 iurulencias)
1012 2971 1117 3015 ollas
1131 2971 1182 3027 (s.
1190 2971 1284 3027 l.)X
1295 2971 1422 3025 61161.
1437 2973 1506 3013 cet.
1593 2972 1616 3013 7
1632 2983 1742 3026 quae
1756 2969 1801 3012 X
1880 2982 2008 3011 mane
2035 2968 2084 3010 W

131 3041 158 3086 8
187 3055 258 3086 eas
285 3057 433 3088 rursus
457 3044 537 3088 OB
613 3059 616 3063 ·
661 3058 732 3088 eos
761 3045 815 3089 W
938 3046 964 3088 9
991 3058 1202 3088 nauseam
1225 3045 1264 3088 O
1372 3043 1625 3087 uorabimur
1651 3042 1690 3086 Ω
1814 3043 1866 3084 10
1889 3042 2086 3097 sepulcra

3 3118 54 3141 ‘⁴
130 3115 336 3162 Xa.c.OB
450 3119 504 3162 13
527 3118 735 3174 sepulcris
758 3118 837 3163 OB
950 3119 1003 3162 14
1029 3121 1173 3162 aserot
1201 3118 1239 3160 B
1264 3118 1461 3161 asseroth
1484 3116 1524 3160 Ω
1638 3117 1689 3159 15
1715 3115 1881 3158 mansio
1909 3117 1973 3157 est
1999 3114 2084 3157 ΧΩ

132 3189 210 3246 qui
234 3190 287 3234 W
400 3191 450 3235 16
475 3191 576 3248 hac]
601 3192 742 3236 hacab
762 3192 836 3248 (ab
865 3192 1038 3249 emp.)X
1062 3192 1170 3236 acab
1185 3192 1238 3235 W
1350 3191 1514 3234 aharon
1538 3191 1586 3246 (h
1611 3190 1772 3244 e.rp.)X
1904 3188 2018 3231 aeth.
2044 3186 2085 3230 Ω

10 3254 58 3331 ’Ξ
130 3263 219 3307 eth.
246 3264 381 3309 WXO
404 3267 462 3308 et.
489 3265 529 3308 B
642 3267 694 3310 17
719 3265 843 3322 eccl.]
867 3279 963 3309 eam
987 3266 1040 3310 W
1152 3266 1206 3309 19
1228 3264 1463 3321 pristinum
1485 3263 1647 3319 recepit
1672 3264 1722 3306 11'
1836 3262 1887 3304 20
1911 3265 2083 3317 tempus

16 3324 59 3359 '‘
131 3349 210 3381 om.
231 3335 271 3382 Ω
384 3338 622 3396 impleatur
639 3337 680 3383 Ω
698 3339 908 3397 impletur
930 3339 969 3382 B
1094 3340 1143 3382 21
1166 3352 1346 3382 numero
1367 3353 1444 3382 om.
1465 3339 1500 3381 Ο
1629 3350 1715 3392 qua
1739 3335 1775 3376 B
1885 3334 2085 3390 superbit

9 3400 60 3481 j
131 3410 310 3456 WXOB
337 3412 584 3469 superbiuit
611 3427 635 3466 ς
804 3414 857 3456 22
883 3411 1122 3470 sepulchris
1148 3410 1188 3456 Ω
1215 3412 1316 3454 -6115
1345 3414 1414 3455 cet.
1567 3411 1618 3453 23
1646 3410 1701 3452 ad
1728 3407 1842 3451 atria
1865 3408 1944 3451 OB
1970 3407 2084 3451 atria

18 3491 38 3538 J
125 3483 473 3534 *tundamentum
490 3485 608 3542 (del.)
623 3486 670 3529 X
783 3487 839 3530 ad
855 3490 965 3530 uest.
981 3486 1061 3530 OB
1076 3486 1343 3529 uestibulum
1361 3500 1384 3539 ς
1507 3485 1558 3526 24
1575 3483 1682 3538 ingr.
1702 3485 1746 3524 et
1760 3480 1799 3524 Ω
1906 3481 1958 3525 25
1975 3480 2082 3524 ceci-

129 3556 290 3611 derunt
314 3559 386 3615 (ex
409 3563 528 3603 -rent
552 3557 704 3616 Χ)ΧΩ
850 3573 975 3616 posse
1000 3573 1080 3602 res.
1107 3557 1225 3603 ΩΟΒ
1349 3562 1414 3601 est
1440 3556 1555 3600 enim
1579 3554 1662 3599 ΩΒ
1784 3553 1845 3612 et]
1868 3558 1913 3598 et
1938 3554 1984 3598 in
2007 3555 2083 3598 OB

167 3671 170 3674 .
215 3643 290 3679 LV.
318 3645 465 3681 Hieron.
489 3646 606 3689 Epist.
630 3645 679 3686 11,
706 3645 823 3681 Hilb
839 3655 930 3689 erg.
1966 3645 1992 3687 5
