2482 4230
454 298 550 350 406
1104 308 1340 368 §Sancti
1378 307 1724 364 Hieronymi

452 468 590 519 idem
614 470 825 518 tenetur
850 469 902 516 et
926 467 1121 516 manet.
1150 460 1193 515 si
1216 466 1394 515 autem
1417 478 1523 514 non
1547 460 1775 515 ieiunare
1800 463 2020 526 sabbato
2045 463 2242 516 malum
2265 469 2421 533 puta-2

452 547 694 609 uerimus,
706 552 790 599 tot
803 543 1041 598 ecclesias
1055 542 1265 597 orientis
1280 549 1332 596 et
1344 542 1510 596 multo
1524 543 1773 596 maiorem
1786 542 1922 597 orbis
1933 542 2211 598 Christiani
2221 551 2371 615 parte
2411 554 2414 555 ’

398 669 405 678 .
455 646 557 697 qua
576 627 873 682 temeritate
892 624 1304 679 criminabimur!
1324 623 1562 693 placetne
1579 624 1696 687 tibi,
1713 631 1775 678 ut
1792 624 2023 679 medium
2043 626 2295 696 quiddam
2313 643 2427 681 esse·

454 710 704 773 dicamus,
739 708 879 778 quod
906 713 1085 760 tamen
1116 705 1436 776 acceptabile
1467 704 1534 759 sit
1564 706 1628 769 ei,
1661 704 1750 775 qui
1778 707 1877 760 hoc
1905 723 2006 760 non
2026 707 2297 779 simulate,
2331 708 2427 775 sed,

454 790 758 861 congruenti
786 790 1033 843 societate
1062 793 1222 856 atque
1251 787 1585 842 obseruantia
1611 785 1829 841 fecerit?
1860 793 1912 841 et
1939 794 2119 842 tamen
2145 789 2275 843 nihil
2299 789 2420 843 inde

454 873 669 944 legimus
716 873 770 924 in
818 867 1076 924 canonicis
1123 867 1267 924 libris
1313 874 1650 939 praeceptum
1699 886 1806 922 esse
1854 868 2173 924 Christianis.
2225 877 2435 946 quanto

453 953 617 1024 magis
651 954 779 1006 illud
810 953 1008 1006 malum
1041 949 1208 1004 dicere
1240 967 1346 1004 non
1379 950 1564 1014 aude0,
1600 951 1740 1020 quod
1773 950 1928 1004 deum
1959 950 2279 1022 praecepisse
2309 951 2424 1023 ipsa

455 1034 748 1089 Christiana
776 1034 882 1086 fide
906 1047 1092 1102 negare
1116 1048 1223 1085 non
1246 1048 1477 1102 possum,
1504 1049 1606 1102 qua
1632 1031 1791 1085 didici
1812 1048 1918 1085 non
1943 1049 2001 1086 eo
2025 1050 2108 1087 me
2131 1032 2422 1099 iustificari,

455 1119 544 1170 sed
580 1116 752 1186 gratia
791 1114 872 1167 dei
910 1131 1001 1184 per
1040 1114 1216 1168 Iesum
1254 1113 1535 1178 Christum,
1575 1113 1845 1168 dominum
1880 1115 2148 1169 nostrum!

588 1199 666 1252 15.
704 1198 834 1251 Dico
872 1213 990 1266 ergo
1028 1195 1471 1255 circumcisionem
1504 1195 1766 1265 praeputii
1801 1200 1854 1248 et
1890 1200 2061 1251 cetera
2094 1195 2247 1250 huius
2281 1196 2424 1251 modi

453 1280 611 1349 priori
640 1279 832 1349 populo
864 1295 956 1347 per
984 1282 1387 1341 testamentum,
1421 1278 1562 1347 quod
1590 1283 1744 1331 uetus
1776 1276 1982 1342 dicitur,
2016 1277 2268 1332 diuinitus
2299 1278 2426 1332 data

455 1362 523 1415 ad
549 1359 985 1432 significationem
1010 1358 1325 1424 futurorum,
1355 1376 1487 1429 quae
1513 1376 1604 1430 per
1631 1358 1895 1413 Christum
1921 1361 2198 1429 oportebat
2222 1359 2437 1430 inpleri.'

457 1443 644 1512 quibus
673 1441 1072 1496 aduenientibus
1100 1441 1405 1495 remansisse
1431 1441 1519 1495 illa
1547 1440 1851 1494 Christianis
1876 1441 2095 1511 legenda
2119 1446 2334 1495 tantum
2359 1441 2434 1496 ad'

453 1524 863 1594 intellegentiam
909 1522 1223 1593 praemissae
1269 1522 1593 1593 prophetiae,
1622 1539 1745 1577 11011
1793 1526 1971 1578 autern
2016 1523 2303 1577 necessario
2350 1522 2426 1576 fa-

455 1608 655 1668 cienda,
698 1603 846 1676 quasi
876 1606 1050 1659 adhuc
1080 1607 1466 1675 expectandum
1497 1611 1648 1670 esset,
1679 1610 1741 1658 ut
1771 1603 1973 1677 ueniret
2003 1603 2129 1657 fidei
2157 1604 2443 1675 reuelati0,j

457 1705 587 1756 quae
631 1687 710 1741 his
754 1687 1150 1759 significabatur
1193 1704 1300 1740 esse
1342 1692 1584 1740 uentura.
1649 1687 1739 1740 sed
1783 1686 2022 1755 quamuis
2064 1685 2308 1755 gentibus
2349 1679 2439 1739 in-ss.

453 1771 697 1839 ponenda
723 1787 828 1822 non
855 1776 1045 1833 essent,
1072 1786 1177 1823 non
1203 1774 1383 1822 tamen
1411 1767 1484 1822 810
1511 1768 1747 1822 debuisse
1775 1768 1966 1822 auferri
1991 1785 2023 1822 a
2049 1767 2425 1822 consuetudine

457 1853 771 1906 Iudaeorum
797 1858 1073 1921 tamquam
1101 1851 1415 1904 detestanda
1441 1856 1600 1920 atque
1629 1850 1947 1904 damnanda.
1994 1850 2184 1904 sensim
2210 1849 2426 1920 proinde

454 1942 616 2003 atque
636 1933 898 2004 paulatim
922 1934 1156 1987 feruente
1178 1949 1300 1986 sane
1320 1933 1706 2003 praedicatione
1727 1933 1924 2001 gratiae
1946 1931 2152 1997 Christi,
2189 1949 2296 2002 qua
2313 1930 2443 1988 sola,

453 2022 666 2069 nossent
689 2016 956 2068 credentes
979 2032 1029 2068 se
1051 2013 1325 2069 iustificari
1346 2014 1619 2084 saluosque
1640 2013 1771 2078 fieri,
1792 2031 1898 2067 non
1917 2013 2016 2067 illis
2034 2013 2234 2068 umbris
2252 2029 2423 2067 rerum

455 2104 577 2151 ante
619 2097 936 2160 futurarum,
978 2102 1106 2150 tunc
1147 2097 1253 2150 iam
1292 2095 1618 2149 uenientium
1658 2101 1819 2165 atque
1859 2097 2230 2166 praesentium,
2270 2100 2333 2148 ut
2372 2091 2439 2148 in?

454 2179 660 2233 illorum
706 2180 1022 2233 Iudaeorum
1066 2178 1359 2243 uocatione,
1408 2194 1537 2248 quos
1580 2177 1876 2247 praesentia
1920 2178 2087 2232 carnis
2133 2177 2330 2230 domini
2372 2183 2427 2231 et

454 2253 743 2331 apostolica
779 2267 1019 2328 tempora
1058 2260 1130 2313 810
1165 2260 1493 2324 inuenerant,
1534 2259 1699 2313 omnis
1736 2259 1825 2312 illa
1861 2260 1998 2314 aetio
2038 2263 2428 2313 consumeretur

454 2345 776 2405 umbrarum,
835 2343 934 2397 hoc
973 2343 1019 2395 ei
1058 2341 1320 2396 suffecisse
1361 2342 1430 2394 ad
1468 2341 1992 2405 commendationem,
2049 2346 2111 2394 ut
2148 2357 2255 2395 non
2290 2346 2427 2394 tam*

457 2442 615 2493 quam
646 2425 958 2478 detestanda
987 2429 1039 2478 et
1070 2423 1248 2477 similis
1276 2422 1549 2477 idolatriae
1577 2422 1853 2487 uitaretur,
1881 2422 2022 2477 ultra
2049 2438 2172 2477 uero
2201 2439 2308 2476 non
2334 2417 2442 2477 ha-J

455 2508 601 2560 beret
620 2523 965 2576 progressum,
983 2523 1048 2560 ne
1069 2510 1346 2576 putaretur
1363 2506 1668 2569 necessaria,
1687 2510 1964 2574 tamquam
1987 2502 2072 2557 uel
2095 2505 2163 2559 ab
2182 2503 2270 2558 illa
2289 2503 2435 2569 salus,

456 2594 589 2640 esset
609 2587 695 2639 uel
714 2589 819 2640 sine
841 2587 929 2640 illa
949 2604 1057 2641 esse
1076 2603 1181 2641 non
1201 2592 1395 2656 posset,
1418 2587 1559 2657 quod
1578 2592 1902 2656 putauerunt
1920 2585 2152 2650 heretici,
2174 2585 2280 2656 qui,
2300 2586 2425 2640 dum

456 2669 642 2723 uolunt
676 2675 728 2723 et
764 2669 946 2723 Iudaei
979 2686 1086 2723 esse
1120 2675 1173 2723 et
1207 2668 1503 2732 Christiani,
1536 2685 1632 2722 1100
1666 2668 1849 2722 Iudaei
1878 2684 1974 2723 nec
2007 2667 2287 2723 Christiani
2318 2684 2426 2722 esse

457 2756 758 2819 potuerunt.
827 2768 1048 2821 quorum
1094 2750 1410 2805 sententiam
1454 2749 1584 2804 mihi
1629 2751 1935 2814 cauendam,
1984 2749 2223 2820 quamuis
2267 2749 2322 2802 in
2367 2766 2426 2804 ea

455 2849 746 2902 numquam
782 2831 986 2898 fuerim,
1024 2838 1204 2886 tamen
1241 2831 1718 2886 beniuolentissime
1756 2831 2034 2886 admonere
2073 2830 2319 2901 dignatus
2354 2847 2435 2886 es,

607 2995 633 3038 9
652 2995 707 3038 cf.
733 2995 859 3039 Rom.
882 2996 923 3047 3,
946 2997 998 3040 24
1085 2997 1134 3039 27
1154 2996 1210 3039 cf.
1235 3009 1302 3053 ep.
1326 2994 1456 3039 CXII
1476 2996 1529 3040 13

604 3106 630 3148 3
651 3111 702 3150 ut
722 3104 833 3150 omi
920 3109 944 3150 4
968 3105 1064 3164 qui]
1086 3120 1175 3163 quo
1198 3113 1220 3163 ᾗ
1306 3108 1387 3151 1100
1409 3120 1488 3151 om.
1506 3105 1548 3162 Q
1635 3109 1660 3152 6
1678 3106 1766 3163 legi
1787 3105 1829 3163 Q
1917 3108 1942 3152 7
1964 3106 2138 3150 audebo
2163 3104 2205 3162 Q
2282 3106 2309 3149 8
2329 3118 2425 3163 pos-

458 3193 610 3223 sumus
634 3179 675 3233 Q
746 3179 911 3224 dieitur
933 3186 959 3236 t)
1039 3180 1065 3223 9
1087 3179 1314 3224 Christum
1326 3194 1404 3225 om.
1423 3187 1445 3237 ὅ
1500 3182 1560 3229 ,10
1574 3178 1693 3237 ergo]
1707 3179 1823 3224 enim
1838 3179 1880 3236 Q
1945 3181 1994 3224 11
2013 3180 2169 3224 datum
2186 3178 2228 3236 Q
2279 3179 2429 3223 14110-

457 3253 643 3298 cessaria
663 3267 686 3307 ς
761 3253 814 3297 15
835 3268 927 3298 0880
949 3251 1039 3311 &ni
1118 3254 1225 3297 fidei
1246 3269 1324 3299 om.
1343 3253 1385 3310 Q
1469 3255 1520 3299 16
1540 3253 1611 3298 1110
1634 3254 1676 3311 Q
1771 3255 1825 3299 18
1845 3255 2058 3299 damnum
2078 3252 2121 3311 Q
2211 3253 2267 3297 19
2287 3249 2428 3311 paul.}

460 3328 629 3383 prolam
653 3326 694 3383 Q
752 3342 859 3372 sana
876 3342 913 3382 ς,
935 3342 1014 3373 om.
1033 3334 1062 3384 t)
1137 3334 1261 3385 que&
1329 3329 1379 3372 21
1402 3332 1535 3373 antea
1551 3327 1781 3386 Q‚5a.r.(?)
1856 3327 1901 3371 in
1915 3343 1993 3374 om.
2012 3327 2054 3384 Q
2112 3327 2166 3372 22
2187 3322 2424 3384 illarum&

462 3400 676 3456 presentie
694 3400 735 3456 Q
840 3402 892 3445 23
913 3400 1155 3459 apostolice
1179 3401 1221 3458 Q
1318 3401 1588 3447 inuenerunt
1607 3401 1674 3460 ip.
1691 3416 1722 3445 c.
1829 3402 1979 3447 hactio
1999 3405 2365 3446 consumerentur

461 3476 511 3517 24
534 3474 594 3517 018
618 3474 686 3530 Qi
801 3474 1019 3519 sufficisse
1033 3475 1112 3532 Q&
1243 3490 1329 3520 non
1350 3473 1514 3532 tamq]
1535 3479 1641 3520 nota
1661 3489 1797 3533 quam
1813 3475 1855 3532 Q
1981 3475 2034 3520 25
2055 3474 2368 3520 detestandam
2382 3471 2428 3532 Q

461 3547 513 3590 26
536 3548 742 3592 ullaiaff.
825 3549 877 3592 29
891 3555 1026 3606 eam&
1100 3549 1156 3593 30
1176 3547 1443 3606 numquam]
1463 3564 1550 3594 non
1575 3550 1615 3605 Q
1691 3549 1857 3594 fuerint
1879 3549 1922 3606 Q
2002 3574 2005 3577 Δ
