<?xml version="1.0" encoding="UTF-8"?>
<!DOCTYPE html PUBLIC "-//W3C//DTD XHTML 1.0 Transitional//EN"
    "http://www.w3.org/TR/xhtml1/DTD/xhtml1-transitional.dtd">
<html xmlns="http://www.w3.org/1999/xhtml" xml:lang="en" lang="en">
 <head>
  <title>
</title>
<meta http-equiv="Content-Type" content="text/html;charset=utf-8" />
  <meta name='ocr-system' content='tesseract 3.04.00' />
  <meta name='ocr-capabilities' content='ocr_page ocr_carea ocr_par ocr_line ocrx_word'/>
</head>
<body>
  <div class='ocr_page' id='page_1' title='image "./corpusscriptorum55stuoft_0090.png"; bbox 0 0 2528 4186; ppageno 0'>
   <div class='ocr_carea' id='block_1_1' title="bbox 428 352 1694 413">
    <p class='ocr_par' dir='ltr' id='par_1_1' title="bbox 428 352 1694 413">
     <span class='ocr_line' id='line_1_1' title="bbox 428 352 1694 413; baseline -0.003 -8"><span class='ocrx_word' id='word_1_1' title='bbox 428 352 498 405; x_wconf 88' lang='grc'>80</span> <span class='ocrx_word' id='word_1_2' title='bbox 1102 358 1311 404; x_wconf 79' lang='lat' dir='ltr'><strong>Sancti</strong></span> <span class='ocrx_word' id='word_1_3' title='bbox 1348 355 1694 413; x_wconf 86' lang='lat' dir='ltr'>Hieronymi</span> 
     </span>
    </p>
   </div>
   <div class='ocr_carea' id='block_1_2' title="bbox 413 509 2528 2698">
    <p class='ocr_par' dir='ltr' id='par_1_2' title="bbox 414 509 2528 1317">
     <span class='ocr_line' id='line_1_2' title="bbox 415 509 2380 584; baseline -0.002 -15"><span class='ocrx_word' id='word_1_4' title='bbox 415 516 651 570; x_wconf 82' lang='lat' dir='ltr'>timebo</span> <span class='ocrx_word' id='word_1_5' title='bbox 702 515 877 580; x_wconf 91' lang='lat' dir='ltr'>mala,</span> <span class='ocrx_word' id='word_1_6' title='bbox 932 513 1233 584; x_wconf 91' lang='lat' dir='ltr'>quoniam</span> <span class='ocrx_word' id='word_1_7' title='bbox 1281 518 1353 565; x_wconf 90' lang='lat' dir='ltr'>tu</span> <span class='ocrx_word' id='word_1_8' title='bbox 1402 527 1644 565; x_wconf 91' lang='lat' dir='ltr'>mecum</span> <span class='ocrx_word' id='word_1_9' title='bbox 1692 527 1766 564; x_wconf 90' lang='grc'>66.</span> <span class='ocrx_word' id='word_1_10' title='bbox 1829 509 2059 564; x_wconf 86' lang='lat' dir='ltr'>cadent</span> <span class='ocrx_word' id='word_1_11' title='bbox 2105 526 2138 564; x_wconf 88' lang='lat' dir='ltr'>a</span> <span class='ocrx_word' id='word_1_12' title='bbox 2181 509 2380 566; x_wconf 89' lang='lat' dir='ltr'>latere</span> 
     </span>
     <span class='ocr_line' id='line_1_3' title="bbox 414 591 2378 652; baseline -0.002 0"><span class='ocrx_word' id='word_1_13' title='bbox 414 603 593 652; x_wconf 88' lang='lat' dir='ltr'>nostro</span> <span class='ocrx_word' id='word_1_14' title='bbox 627 596 795 650; x_wconf 92' lang='lat' dir='ltr'>mille</span> <span class='ocrx_word' id='word_1_15' title='bbox 827 601 888 650; x_wconf 91' lang='lat' dir='ltr'>et</span> <span class='ocrx_word' id='word_1_16' title='bbox 920 597 1130 649; x_wconf 91' lang='lat' dir='ltr'>decem</span> <span class='ocrx_word' id='word_1_17' title='bbox 1163 594 1337 647; x_wconf 90' lang='lat' dir='ltr'>milia</span> <span class='ocrx_word' id='word_1_18' title='bbox 1368 610 1399 646; x_wconf 91' lang='lat' dir='ltr'>a</span> <span class='ocrx_word' id='word_1_19' title='bbox 1431 591 1674 645; x_wconf 82' lang='lat' dir='ltr'><strong>dextris</strong></span> <span class='ocrx_word' id='word_1_20' title='bbox 1697 592 1913 646; x_wconf 87' lang='lat' dir='ltr'>nostris:</span> <span class='ocrx_word' id='word_1_21' title='bbox 1949 608 2056 646; x_wconf 91' lang='lat' dir='ltr'>non</span> <span class='ocrx_word' id='word_1_22' title='bbox 2076 591 2378 648; x_wconf 82' lang='lat' dir='ltr'><strong>timebimus</strong></span> 
     </span>
     <span class='ocr_line' id='line_1_4' title="bbox 417 672 2377 739; baseline -0.002 -7"><span class='ocrx_word' id='word_1_23' title='bbox 417 679 491 732; x_wconf 91' lang='lat' dir='ltr'>ab</span> <span class='ocrx_word' id='word_1_24' title='bbox 527 679 791 731; x_wconf 89' lang='lat' dir='ltr'>incursu</span> <span class='ocrx_word' id='word_1_25' title='bbox 840 683 900 730; x_wconf 91' lang='grc'>61</span> <span class='ocrx_word' id='word_1_26' title='bbox 937 675 1268 729; x_wconf 91' lang='lat' dir='ltr'>daemonio</span> <span class='ocrx_word' id='word_1_27' title='bbox 1309 673 1674 739; x_wconf 90' lang='lat' dir='ltr'>meridiano,</span> <span class='ocrx_word' id='word_1_28' title='bbox 1717 673 1808 727; x_wconf 91' lang='lat' dir='ltr'>sed</span> <span class='ocrx_word' id='word_1_29' title='bbox 1838 672 2199 727; x_wconf 82' lang='lat' dir='ltr'><strong>obturabimus</strong></span> <span class='ocrx_word' id='word_1_30' title='bbox 2229 690 2377 728; x_wconf 86' lang='lat' dir='ltr'>aures</span> 
     </span>
     <span class='ocr_line' id='line_1_5' title="bbox 415 755 2380 825; baseline -0.002 -11"><span class='ocrx_word' id='word_1_31' title='bbox 415 766 635 825; x_wconf 90' lang='lat' dir='ltr'>nostras,</span> <span class='ocrx_word' id='word_1_32' title='bbox 679 777 743 812; x_wconf 94' lang='lat' dir='ltr'>ne</span> <span class='ocrx_word' id='word_1_33' title='bbox 787 759 1057 811; x_wconf 82' lang='lat' dir='ltr'>audiamus</span> <span class='ocrx_word' id='word_1_34' title='bbox 1089 773 1239 809; x_wconf 89' lang='lat' dir='ltr'>uoces</span> <span class='ocrx_word' id='word_1_35' title='bbox 1282 755 1686 819; x_wconf 81' lang='lat' dir='ltr'>incantantium,</span> <span class='ocrx_word' id='word_1_36' title='bbox 1732 760 1784 808; x_wconf 93' lang='lat' dir='ltr'>et</span> <span class='ocrx_word' id='word_1_37' title='bbox 1827 755 2113 808; x_wconf 81' lang='lat' dir='ltr'>sirenarum</span> <span class='ocrx_word' id='word_1_38' title='bbox 2149 755 2380 810; x_wconf 84' lang='lat' dir='ltr'>carmina</span> 
     </span>
     <span class='ocr_line' id='line_1_6' title="bbox 416 836 2433 911; baseline -0.003 -16"><span class='ocrx_word' id='word_1_39' title='bbox 416 842 754 911; x_wconf 83' lang='lat' dir='ltr'>neglegemus.</span> <span class='ocrx_word' id='word_1_40' title='bbox 786 845 904 909; x_wconf 87' lang='lat' dir='ltr'>post</span> <span class='ocrx_word' id='word_1_41' title='bbox 933 839 1211 907; x_wconf 78' lang='lat' dir='ltr'>imaginem</span> <span class='ocrx_word' id='word_1_42' title='bbox 1240 837 1336 901; x_wconf 91' lang='lat' dir='ltr'>dei,</span> <span class='ocrx_word' id='word_1_43' title='bbox 1371 853 1503 905; x_wconf 90' lang='lat' dir='ltr'>quae</span> <span class='ocrx_word' id='word_1_44' title='bbox 1529 837 1586 890; x_wconf 92' lang='lat' dir='ltr'>in</span> <span class='ocrx_word' id='word_1_45' title='bbox 1614 836 1779 890; x_wconf 87' lang='lat' dir='ltr'>cordis</span> <span class='ocrx_word' id='word_1_46' title='bbox 1806 837 2010 890; x_wconf 91' lang='lat' dir='ltr'>ratione</span> <span class='ocrx_word' id='word_1_47' title='bbox 2037 841 2433 903; x_wconf 71' lang='lat' dir='ltr'>monstratur‚u</span> 
     </span>
     <span class='ocr_line' id='line_1_7' title="bbox 417 917 2528 992; baseline -0.001 -17"><span class='ocrx_word' id='word_1_48' title='bbox 417 928 470 976; x_wconf 92' lang='lat' dir='ltr'>et</span> <span class='ocrx_word' id='word_1_49' title='bbox 503 923 874 975; x_wconf 80' lang='lat' dir='ltr'>confessionem</span> <span class='ocrx_word' id='word_1_50' title='bbox 905 920 1043 983; x_wconf 83' lang='lat' dir='ltr'>fidei,</span> <span class='ocrx_word' id='word_1_51' title='bbox 1083 935 1213 988; x_wconf 92' lang='lat' dir='ltr'>quae</span> <span class='ocrx_word' id='word_1_52' title='bbox 1249 934 1332 971; x_wconf 89' lang='lat' dir='ltr'>ore</span> <span class='ocrx_word' id='word_1_53' title='bbox 1365 917 1642 987; x_wconf 80' lang='lat' dir='ltr'>profertur,</span> <span class='ocrx_word' id='word_1_54' title='bbox 1678 923 1998 988; x_wconf 91' lang='lat' dir='ltr'>consurgunt</span> <span class='ocrx_word' id='word_1_55' title='bbox 2030 922 2292 988; x_wconf 82' lang='lat' dir='ltr'>serpentes</span> <span class='ocrx_word' id='word_1_56' title='bbox 2325 923 2379 972; x_wconf 86' lang='lat' dir='ltr'>et</span> <span class='ocrx_word' id='word_1_57' title='bbox 2488 990 2490 992; x_wconf 15' lang='grc' dir='ltr'>Ι</span> <span class='ocrx_word' id='word_1_58' title='bbox 2527 981 2528 985; x_wconf 10' lang='lat'>1</span> 
     </span>
     <span class='ocr_line' id='line_1_8' title="bbox 418 998 2528 1069; baseline -0.002 -12"><span class='ocrx_word' id='word_1_59' title='bbox 418 1009 553 1057; x_wconf 90' lang='lat' dir='ltr'>artes</span> <span class='ocrx_word' id='word_1_60' title='bbox 583 1003 848 1055; x_wconf 80' lang='lat' dir='ltr'>maleficae</span> <span class='ocrx_word' id='word_1_61' title='bbox 880 1002 946 1054; x_wconf 92' lang='lat' dir='ltr'>ad</span> <span class='ocrx_word' id='word_1_62' title='bbox 977 1000 1111 1053; x_wconf 91' lang='lat' dir='ltr'>bella</span> <span class='ocrx_word' id='word_1_63' title='bbox 1140 1016 1232 1053; x_wconf 92' lang='lat' dir='ltr'>nos</span> <span class='ocrx_word' id='word_1_64' title='bbox 1264 1004 1570 1069; x_wconf 89' lang='lat' dir='ltr'>prouocant.</span> <span class='ocrx_word' id='word_1_65' title='bbox 1602 999 1694 1053; x_wconf 87' lang='lat' dir='ltr'>sed</span> <span class='ocrx_word' id='word_1_66' title='bbox 1721 1015 1831 1064; x_wconf 90' lang='lat' dir='ltr'>nos,</span> <span class='ocrx_word' id='word_1_67' title='bbox 1867 999 1957 1069; x_wconf 93' lang='lat' dir='ltr'>qui</span> <span class='ocrx_word' id='word_1_68' title='bbox 1984 998 2236 1053; x_wconf 85' lang='lat' dir='ltr'>habemus</span> <span class='ocrx_word' id='word_1_69' title='bbox 2264 1007 2379 1069; x_wconf 53' lang='lat' dir='ltr'>pre*</span> <span class='ocrx_word' id='word_1_70' title='bbox 2438 1035 2443 1040; x_wconf 85' lang='lat'>·</span> <span class='ocrx_word' id='word_1_71' title='bbox 2527 1029 2528 1034; x_wconf 43' lang='lat'>1</span> 
     </span>
     <span class='ocr_line' id='line_1_9' title="bbox 415 1080 2380 1151; baseline -0.002 -13"><span class='ocrx_word' id='word_1_72' title='bbox 415 1085 752 1138; x_wconf 87' lang='lat' dir='ltr'>tiosissimum</span> <span class='ocrx_word' id='word_1_73' title='bbox 785 1083 1087 1135; x_wconf 89' lang='lat' dir='ltr'>thesaurum</span> <span class='ocrx_word' id='word_1_74' title='bbox 1115 1081 1170 1133; x_wconf 93' lang='lat' dir='ltr'>in</span> <span class='ocrx_word' id='word_1_75' title='bbox 1193 1081 1330 1134; x_wconf 88' lang='lat' dir='ltr'>uasis</span> <span class='ocrx_word' id='word_1_76' title='bbox 1360 1080 1627 1147; x_wconf 84' lang='lat' dir='ltr'>fictilibus,</span> <span class='ocrx_word' id='word_1_77' title='bbox 1666 1097 1798 1149; x_wconf 92' lang='lat' dir='ltr'>quae</span> <span class='ocrx_word' id='word_1_78' title='bbox 1830 1081 2000 1151; x_wconf 66' lang='lat' dir='ltr'>frangi</span> <span class='ocrx_word' id='word_1_79' title='bbox 2032 1085 2267 1151; x_wconf 83' lang='lat' dir='ltr'>possunt,</span> <span class='ocrx_word' id='word_1_80' title='bbox 2300 1081 2380 1135; x_wconf 83' lang='lat' dir='ltr'>ita</span> 
     </span>
     <span class='ocr_line' id='line_1_10' title="bbox 417 1155 2495 1233; baseline -0.004 -14"><span class='ocrx_word' id='word_1_81' title='bbox 417 1172 477 1219; x_wconf 91' lang='lat' dir='ltr'>ut</span> <span class='ocrx_word' id='word_1_82' title='bbox 514 1167 576 1218; x_wconf 92' lang='lat' dir='ltr'>de</span> <span class='ocrx_word' id='word_1_83' title='bbox 613 1165 840 1233; x_wconf 90' lang='lat' dir='ltr'>quodam</span> <span class='ocrx_word' id='word_1_84' title='bbox 885 1164 977 1215; x_wconf 84' lang='lat' dir='ltr'>uix</span> <span class='ocrx_word' id='word_1_85' title='bbox 1010 1167 1151 1216; x_wconf 89' lang='lat' dir='ltr'>testa</span> <span class='ocrx_word' id='word_1_86' title='bbox 1182 1155 1506 1228; x_wconf 86' lang='lat' dir='ltr'>remanserit,</span> <span class='ocrx_word' id='word_1_87' title='bbox 1553 1162 1608 1216; x_wconf 92' lang='lat' dir='ltr'>in</span> <span class='ocrx_word' id='word_1_88' title='bbox 1645 1178 1750 1231; x_wconf 91' lang='lat' dir='ltr'>qua</span> <span class='ocrx_word' id='word_1_89' title='bbox 1783 1161 1978 1215; x_wconf 90' lang='lat' dir='ltr'>hauriri</span> <span class='ocrx_word' id='word_1_90' title='bbox 2011 1162 2176 1232; x_wconf 91' lang='lat' dir='ltr'>possit</span> <span class='ocrx_word' id='word_1_91' title='bbox 2211 1167 2379 1231; x_wconf 72' lang='lat' dir='ltr'>aquae</span> <span class='ocrx_word' id='word_1_92' title='bbox 2493 1207 2495 1210; x_wconf 21' lang='lat'><strong>⁴</strong></span> 
     </span>
     <span class='ocr_line' id='line_1_11' title="bbox 417 1244 2528 1317; baseline -0.001 -18"><span class='ocrx_word' id='word_1_93' title='bbox 417 1247 676 1317; x_wconf 89' lang='lat' dir='ltr'>pusillum,</span> <span class='ocrx_word' id='word_1_94' title='bbox 704 1246 843 1298; x_wconf 89' lang='lat' dir='ltr'>omni</span> <span class='ocrx_word' id='word_1_95' title='bbox 865 1244 1102 1298; x_wconf 89' lang='lat' dir='ltr'>custodia</span> <span class='ocrx_word' id='word_1_96' title='bbox 1124 1244 1500 1297; x_wconf 80' lang='lat' dir='ltr'>circumdemus</span> <span class='ocrx_word' id='word_1_97' title='bbox 1523 1260 1610 1297; x_wconf 92' lang='lat' dir='ltr'>cor</span> <span class='ocrx_word' id='word_1_98' title='bbox 1630 1249 1884 1297; x_wconf 89' lang='lat' dir='ltr'>nostrum.</span> <span class='ocrx_word' id='word_1_99' title='bbox 2413 1257 2466 1296; x_wconf 75' lang='grc' dir='ltr'>ιο</span> <span class='ocrx_word' id='word_1_100' title='bbox 2524 1244 2528 1307; x_wconf 63' lang='grc' dir='ltr'>’ζ</span> 
     </span>
    </p>

    <p class='ocr_par' dir='ltr' id='par_1_3' title="bbox 417 1324 2380 1462">
     <span class='ocr_line' id='line_1_12' title="bbox 483 1324 2380 1396; baseline -0.002 -13"><span class='ocrx_word' id='word_1_101' title='bbox 483 1330 562 1383; x_wconf 85' lang='grc'>39.</span> <span class='ocrx_word' id='word_1_102' title='bbox 587 1328 665 1380; x_wconf 88' lang='grc' dir='ltr'>Ε1</span> <span class='ocrx_word' id='word_1_103' title='bbox 689 1326 959 1396; x_wconf 82' lang='lat' dir='ltr'>profecti</span> <span class='ocrx_word' id='word_1_104' title='bbox 979 1325 1270 1379; x_wconf 90' lang='lat' dir='ltr'>deOboth</span> <span class='ocrx_word' id='word_1_105' title='bbox 1291 1330 1500 1378; x_wconf 89' lang='lat' dir='ltr'>castra</span> <span class='ocrx_word' id='word_1_106' title='bbox 1516 1325 1741 1379; x_wconf 89' lang='lat' dir='ltr'>metati</span> <span class='ocrx_word' id='word_1_107' title='bbox 1758 1330 1911 1395; x_wconf 86' lang='lat' dir='ltr'>sunt</span> <span class='ocrx_word' id='word_1_108' title='bbox 1932 1325 1998 1378; x_wconf 89' lang='lat' dir='ltr'>in</span> <span class='ocrx_word' id='word_1_109' title='bbox 2016 1324 2380 1379; x_wconf 85' lang='lat' dir='ltr'>Hieabarim</span> 
     </span>
     <span class='ocr_line' id='line_1_13' title="bbox 417 1407 1806 1462; baseline -0.002 0"><span class='ocrx_word' id='word_1_110' title='bbox 417 1410 481 1462; x_wconf 93' lang='lat' dir='ltr'>in</span> <span class='ocrx_word' id='word_1_111' title='bbox 523 1408 766 1461; x_wconf 90' lang='grc'>1111111116</span> <span class='ocrx_word' id='word_1_112' title='bbox 800 1407 994 1460; x_wconf 89' lang='lat' dir='ltr'>Moab.</span> <span class='ocrx_word' id='word_1_113' title='bbox 1803 1444 1806 1447; x_wconf 26' lang='grc' dir='ltr'><em>ι</em></span> 
     </span>
    </p>

    <p class='ocr_par' dir='ltr' id='par_1_4' title="bbox 413 1485 2490 2698">
     <span class='ocr_line' id='line_1_14' title="bbox 485 1485 2377 1558; baseline 0 -16"><span class='ocrx_word' id='word_1_114' title='bbox 485 1490 761 1543; x_wconf 85' lang='lat' dir='ltr'>Tricesima</span> <span class='ocrx_word' id='word_1_115' title='bbox 799 1495 988 1542; x_wconf 89' lang='lat' dir='ltr'>octaua</span> <span class='ocrx_word' id='word_1_116' title='bbox 1018 1488 1218 1541; x_wconf 90' lang='lat' dir='ltr'>mansio</span> <span class='ocrx_word' id='word_1_117' title='bbox 1250 1488 1476 1542; x_wconf 79' lang='lat' dir='ltr'>‘aceruos</span> <span class='ocrx_word' id='word_1_118' title='bbox 1506 1487 1741 1558; x_wconf 90' lang='lat' dir='ltr'>lapidum</span> <span class='ocrx_word' id='word_1_119' title='bbox 1767 1485 2172 1542; x_wconf 88' lang='lat' dir='ltr'>transeuntium‘</span> <span class='ocrx_word' id='word_1_120' title='bbox 2210 1491 2377 1542; x_wconf 86' lang='lat' dir='ltr'>sonat.</span> 
     </span>
     <span class='ocr_line' id='line_1_15' title="bbox 418 1567 2490 1640; baseline 0 -17"><span class='ocrx_word' id='word_1_121' title='bbox 418 1576 540 1624; x_wconf 88' lang='lat' dir='ltr'>sunt</span> <span class='ocrx_word' id='word_1_122' title='bbox 568 1572 736 1626; x_wconf 87' lang='lat' dir='ltr'>sancti</span> <span class='ocrx_word' id='word_1_123' title='bbox 763 1571 974 1640; x_wconf 90' lang='lat' dir='ltr'>lapides,</span> <span class='ocrx_word' id='word_1_124' title='bbox 1009 1570 1097 1639; x_wconf 92' lang='lat' dir='ltr'>qui</span> <span class='ocrx_word' id='word_1_125' title='bbox 1124 1569 1411 1622; x_wconf 91' lang='lat' dir='ltr'>uoluuntur</span> <span class='ocrx_word' id='word_1_126' title='bbox 1439 1586 1592 1639; x_wconf 91' lang='lat' dir='ltr'>super</span> <span class='ocrx_word' id='word_1_127' title='bbox 1618 1574 1829 1635; x_wconf 86' lang='lat' dir='ltr'>terram,</span> <span class='ocrx_word' id='word_1_128' title='bbox 1858 1569 2013 1634; x_wconf 86' lang='grc'>161166,</span> <span class='ocrx_word' id='word_1_129' title='bbox 2043 1567 2195 1639; x_wconf 92' lang='lat' dir='ltr'>politi</span> <span class='ocrx_word' id='word_1_130' title='bbox 2221 1574 2275 1623; x_wconf 90' lang='lat' dir='ltr'>et</span> <span class='ocrx_word' id='word_1_131' title='bbox 2298 1585 2381 1623; x_wconf 91' lang='lat' dir='ltr'>ro·</span> <span class='ocrx_word' id='word_1_132' title='bbox 2479 1621 2490 1627; x_wconf 68' lang='grc'><em>,</em></span> 
     </span>
     <span class='ocr_line' id='line_1_16' title="bbox 416 1650 2484 1721; baseline -0 -17"><span class='ocrx_word' id='word_1_133' title='bbox 416 1653 683 1705; x_wconf 88' lang='lat' dir='ltr'>tunditate</span> <span class='ocrx_word' id='word_1_134' title='bbox 713 1670 807 1705; x_wconf 88' lang='lat' dir='ltr'>sua</span> <span class='ocrx_word' id='word_1_135' title='bbox 834 1657 1070 1705; x_wconf 88' lang='lat' dir='ltr'>rotarum</span> <span class='ocrx_word' id='word_1_136' title='bbox 1101 1650 1332 1705; x_wconf 87' lang='lat' dir='ltr'>cursibus</span> <span class='ocrx_word' id='word_1_137' title='bbox 1363 1651 1567 1705; x_wconf 79' lang='lat' dir='ltr'>similes,</span> <span class='ocrx_word' id='word_1_138' title='bbox 1601 1656 1724 1705; x_wconf 92' lang='lat' dir='ltr'>sunt</span> <span class='ocrx_word' id='word_1_139' title='bbox 1754 1656 1807 1705; x_wconf 90' lang='lat' dir='ltr'>et</span> <span class='ocrx_word' id='word_1_140' title='bbox 1838 1651 1940 1717; x_wconf 87' lang='lat' dir='ltr'>alii,</span> <span class='ocrx_word' id='word_1_141' title='bbox 1962 1667 2101 1720; x_wconf 91' lang='lat' dir='ltr'>·quos</span> <span class='ocrx_word' id='word_1_142' title='bbox 2122 1651 2382 1721; x_wconf 80' lang='lat' dir='ltr'>propheta</span> <span class='ocrx_word' id='word_1_143' title='bbox 2413 1663 2484 1708; x_wconf 67' lang='lat'>1³„</span> 
     </span>
     <span class='ocr_line' id='line_1_17' title="bbox 416 1724 2481 1802; baseline -0 -16"><span class='ocrx_word' id='word_1_144' title='bbox 416 1734 560 1787; x_wconf 90' lang='lat' dir='ltr'>iubet</span> <span class='ocrx_word' id='word_1_145' title='bbox 587 1734 700 1787; x_wconf 91' lang='lat' dir='ltr'>tolli</span> <span class='ocrx_word' id='word_1_146' title='bbox 727 1735 789 1786; x_wconf 92' lang='lat' dir='ltr'>de</span> <span class='ocrx_word' id='word_1_147' title='bbox 815 1734 917 1798; x_wconf 93' lang='lat' dir='ltr'>uia,</span> <span class='ocrx_word' id='word_1_148' title='bbox 946 1751 1010 1786; x_wconf 91' lang='lat' dir='ltr'>ne</span> <span class='ocrx_word' id='word_1_149' title='bbox 1038 1733 1425 1786; x_wconf 91' lang='lat' dir='ltr'>ambulantium</span> <span class='ocrx_word' id='word_1_150' title='bbox 1449 1733 1504 1786; x_wconf 93' lang='lat' dir='ltr'>in</span> <span class='ocrx_word' id='word_1_151' title='bbox 1529 1750 1614 1787; x_wconf 88' lang='lat' dir='ltr'>eos</span> <span class='ocrx_word' id='word_1_152' title='bbox 1642 1733 1913 1787; x_wconf 86' lang='lat' dir='ltr'>offendant</span> <span class='ocrx_word' id='word_1_153' title='bbox 1938 1733 2111 1802; x_wconf 80' lang='lat' dir='ltr'>pedes,</span> <span class='ocrx_word' id='word_1_154' title='bbox 2141 1732 2231 1802; x_wconf 93' lang='lat' dir='ltr'>qui</span> <span class='ocrx_word' id='word_1_155' title='bbox 2254 1735 2379 1786; x_wconf 88' lang='lat' dir='ltr'>sunt</span> <span class='ocrx_word' id='word_1_156' title='bbox 2476 1724 2481 1765; x_wconf 78' lang='grc' dir='ltr'><em>Ῑ</em></span> 
     </span>
     <span class='ocr_line' id='line_1_18' title="bbox 416 1813 2380 1885; baseline 0.001 -18"><span class='ocrx_word' id='word_1_157' title='bbox 416 1816 506 1868; x_wconf 87' lang='grc'>1611</span> <span class='ocrx_word' id='word_1_158' title='bbox 532 1815 889 1868; x_wconf 84' lang='lat' dir='ltr'>ambulantes?</span> <span class='ocrx_word' id='word_1_159' title='bbox 918 1815 1101 1883; x_wconf 90' lang='lat' dir='ltr'>utique</span> <span class='ocrx_word' id='word_1_160' title='bbox 1122 1815 1348 1868; x_wconf 90' lang='lat' dir='ltr'>uiatores</span> <span class='ocrx_word' id='word_1_161' title='bbox 1370 1819 1422 1868; x_wconf 93' lang='lat' dir='ltr'>et</span> <span class='ocrx_word' id='word_1_162' title='bbox 1442 1820 1847 1885; x_wconf 78' lang='lat' dir='ltr'>praetereunteS,</span> <span class='ocrx_word' id='word_1_163' title='bbox 1879 1814 1969 1884; x_wconf 92' lang='lat' dir='ltr'>qui</span> <span class='ocrx_word' id='word_1_164' title='bbox 1993 1831 2084 1885; x_wconf 91' lang='lat' dir='ltr'>per</span> <span class='ocrx_word' id='word_1_165' title='bbox 2102 1813 2248 1868; x_wconf 88' lang='lat' dir='ltr'>istud</span> <span class='ocrx_word' id='word_1_166' title='bbox 2271 1830 2380 1868; x_wconf 78' lang='lat' dir='ltr'>sae-</span> 
     </span>
     <span class='ocr_line' id='line_1_19' title="bbox 419 1893 2479 1966; baseline 0 -17"><span class='ocrx_word' id='word_1_167' title='bbox 419 1897 591 1949; x_wconf 91' lang='lat' dir='ltr'>culum</span> <span class='ocrx_word' id='word_1_168' title='bbox 615 1897 681 1949; x_wconf 90' lang='lat' dir='ltr'>ad</span> <span class='ocrx_word' id='word_1_169' title='bbox 705 1897 828 1950; x_wconf 90' lang='lat' dir='ltr'>alias</span> <span class='ocrx_word' id='word_1_170' title='bbox 852 1897 1143 1950; x_wconf 88' lang='lat' dir='ltr'>mansiones</span> <span class='ocrx_word' id='word_1_171' title='bbox 1167 1897 1388 1950; x_wconf 91' lang='lat' dir='ltr'>transire</span> <span class='ocrx_word' id='word_1_172' title='bbox 1410 1896 1680 1951; x_wconf 81' lang='lat' dir='ltr'>festinant.</span> <span class='ocrx_word' id='word_1_173' title='bbox 1708 1897 1848 1966; x_wconf 92' lang='lat' dir='ltr'>quod</span> <span class='ocrx_word' id='word_1_174' title='bbox 1871 1901 2050 1949; x_wconf 91' lang='lat' dir='ltr'>autem</span> <span class='ocrx_word' id='word_1_175' title='bbox 2071 1895 2285 1949; x_wconf 86' lang='lat' dir='ltr'>dicitur:</span> <span class='ocrx_word' id='word_1_176' title='bbox 2311 1895 2381 1949; x_wconf 89' lang='lat' dir='ltr'>in</span> <span class='ocrx_word' id='word_1_177' title='bbox 2474 1893 2479 1897; x_wconf 80' lang='grc'><strong>’</strong></span> 
     </span>
     <span class='ocr_line' id='line_1_20' title="bbox 417 1977 2381 2048; baseline 0 -18"><span class='ocrx_word' id='word_1_178' title='bbox 417 1978 660 2031; x_wconf 88' lang='grc'>1111111116</span> <span class='ocrx_word' id='word_1_179' title='bbox 701 1978 879 2031; x_wconf 87' lang='lat' dir='ltr'>Moab</span> <span class='ocrx_word' id='word_1_180' title='bbox 923 1984 975 2032; x_wconf 92' lang='lat' dir='ltr'>et</span> <span class='ocrx_word' id='word_1_181' title='bbox 1017 1979 1469 2048; x_wconf 86' lang='lat' dir='ltr'>suprascriptum</span> <span class='ocrx_word' id='word_1_182' title='bbox 1521 1981 1622 2032; x_wconf 63' lang='lat' dir='ltr'>esti</span> <span class='ocrx_word' id='word_1_183' title='bbox 1672 1978 1739 2031; x_wconf 91' lang='lat' dir='ltr'>in</span> <span class='ocrx_word' id='word_1_184' title='bbox 1787 1977 2153 2042; x_wconf 85' lang='lat' dir='ltr'>solitudine,</span> <span class='ocrx_word' id='word_1_185' title='bbox 2221 1993 2381 2046; x_wconf 84' lang='lat' dir='ltr'>quae</span> 
     </span>
     <span class='ocr_line' id='line_1_21' title="bbox 416 2053 2481 2128; baseline -0 -16"><span class='ocrx_word' id='word_1_186' title='bbox 416 2060 680 2128; x_wconf 89' lang='lat' dir='ltr'>respicit</span> <span class='ocrx_word' id='word_1_187' title='bbox 716 2060 895 2113; x_wconf 92' lang='lat' dir='ltr'>Moab</span> <span class='ocrx_word' id='word_1_188' title='bbox 943 2065 1165 2113; x_wconf 87' lang='lat' dir='ltr'>contra</span> <span class='ocrx_word' id='word_1_189' title='bbox 1210 2059 1357 2113; x_wconf 91' lang='lat' dir='ltr'>solis</span> <span class='ocrx_word' id='word_1_190' title='bbox 1405 2063 1630 2125; x_wconf 84' lang='lat' dir='ltr'>ortum,</span> <span class='ocrx_word' id='word_1_191' title='bbox 1683 2059 1912 2120; x_wconf 87' lang='lat' dir='ltr'>ostendit</span> <span class='ocrx_word' id='word_1_192' title='bbox 1947 2060 2100 2112; x_wconf 85' lang='lat' dir='ltr'>iuxta</span> <span class='ocrx_word' id='word_1_193' title='bbox 2133 2058 2382 2124; x_wconf 83' lang='lat' dir='ltr'>litteram,</span> <span class='ocrx_word' id='word_1_194' title='bbox 2413 2053 2481 2112; x_wconf 65' lang='lat'>20²</span> 
     </span>
     <span class='ocr_line' id='line_1_22' title="bbox 420 2140 2383 2210; baseline 0 -17"><span class='ocrx_word' id='word_1_195' title='bbox 420 2142 558 2209; x_wconf 91' lang='lat' dir='ltr'>quod</span> <span class='ocrx_word' id='word_1_196' title='bbox 577 2142 677 2194; x_wconf 91' lang='lat' dir='ltr'>huc</span> <span class='ocrx_word' id='word_1_197' title='bbox 691 2158 853 2210; x_wconf 90' lang='lat' dir='ltr'>usque</span> <span class='ocrx_word' id='word_1_198' title='bbox 872 2142 926 2194; x_wconf 93' lang='lat' dir='ltr'>in</span> <span class='ocrx_word' id='word_1_199' title='bbox 944 2141 1136 2194; x_wconf 83' lang='lat' dir='ltr'>finibus</span> <span class='ocrx_word' id='word_1_200' title='bbox 1151 2146 1320 2195; x_wconf 90' lang='lat' dir='ltr'>terrae</span> <span class='ocrx_word' id='word_1_201' title='bbox 1337 2140 1705 2195; x_wconf 90' lang='lat' dir='ltr'>Idumaeorum</span> <span class='ocrx_word' id='word_1_202' title='bbox 1723 2142 1917 2195; x_wconf 84' lang='lat' dir='ltr'>fuerint</span> <span class='ocrx_word' id='word_1_203' title='bbox 1938 2146 1991 2194; x_wconf 90' lang='lat' dir='ltr'>et</span> <span class='ocrx_word' id='word_1_204' title='bbox 2010 2157 2148 2194; x_wconf 90' lang='lat' dir='ltr'>nunc</span> <span class='ocrx_word' id='word_1_205' title='bbox 2166 2140 2383 2194; x_wconf 84' lang='lat' dir='ltr'>ueniant</span> 
     </span>
     <span class='ocr_line' id='line_1_23' title="bbox 418 2223 2383 2294; baseline 0.001 -20"><span class='ocrx_word' id='word_1_206' title='bbox 418 2223 484 2275; x_wconf 91' lang='lat' dir='ltr'>ad</span> <span class='ocrx_word' id='word_1_207' title='bbox 521 2223 768 2276; x_wconf 88' lang='lat' dir='ltr'>terminos</span> <span class='ocrx_word' id='word_1_208' title='bbox 807 2223 963 2276; x_wconf 93' lang='lat' dir='ltr'>Moab</span> <span class='ocrx_word' id='word_1_209' title='bbox 1013 2224 1076 2276; x_wconf 90' lang='lat' dir='ltr'>de</span> <span class='ocrx_word' id='word_1_210' title='bbox 1127 2223 1229 2276; x_wconf 92' lang='lat' dir='ltr'>alia</span> <span class='ocrx_word' id='word_1_211' title='bbox 1264 2224 1534 2294; x_wconf 89' lang='lat' dir='ltr'>prouincia</span> <span class='ocrx_word' id='word_1_212' title='bbox 1581 2224 1651 2277; x_wconf 90' lang='lat' dir='ltr'>ad</span> <span class='ocrx_word' id='word_1_213' title='bbox 1687 2223 1843 2277; x_wconf 90' lang='lat' dir='ltr'>aliam</span> <span class='ocrx_word' id='word_1_214' title='bbox 1879 2227 2226 2276; x_wconf 87' lang='lat' dir='ltr'>transeuntes.</span> <span class='ocrx_word' id='word_1_215' title='bbox 2275 2237 2383 2276; x_wconf 84' lang='lat' dir='ltr'>non</span> 
     </span>
     <span class='ocr_line' id='line_1_24' title="bbox 416 2304 2479 2375; baseline -0.002 -19"><span class='ocrx_word' id='word_1_216' title='bbox 416 2304 552 2357; x_wconf 91' lang='lat' dir='ltr'>enim</span> <span class='ocrx_word' id='word_1_217' title='bbox 590 2322 788 2374; x_wconf 89' lang='lat' dir='ltr'>semper</span> <span class='ocrx_word' id='word_1_218' title='bbox 826 2306 916 2357; x_wconf 92' lang='lat' dir='ltr'>uni</span> <span class='ocrx_word' id='word_1_219' title='bbox 942 2305 1130 2358; x_wconf 84' lang='lat' dir='ltr'>uirtuti</span> <span class='ocrx_word' id='word_1_220' title='bbox 1156 2306 1331 2358; x_wconf 90' lang='lat' dir='ltr'>danda</span> <span class='ocrx_word' id='word_1_221' title='bbox 1358 2310 1435 2359; x_wconf 92' lang='lat' dir='ltr'>est</span> <span class='ocrx_word' id='word_1_222' title='bbox 1476 2322 1646 2375; x_wconf 90' lang='lat' dir='ltr'>opera,</span> <span class='ocrx_word' id='word_1_223' title='bbox 1687 2305 1792 2370; x_wconf 91' lang='lat' dir='ltr'>sed,</span> <span class='ocrx_word' id='word_1_224' title='bbox 1834 2305 1968 2359; x_wconf 87' lang='lat' dir='ltr'>sicut</span> <span class='ocrx_word' id='word_1_225' title='bbox 1995 2304 2248 2374; x_wconf 88' lang='lat' dir='ltr'>scriptum</span> <span class='ocrx_word' id='word_1_226' title='bbox 2273 2307 2385 2357; x_wconf 71' lang='lat' dir='ltr'>est:</span> <span class='ocrx_word' id='word_1_227' title='bbox 2474 2350 2479 2351; x_wconf 18' lang='lat' dir='ltr'><em>ff</em></span> 
     </span>
     <span class='ocr_line' id='line_1_25' title="bbox 416 2376 2489 2454; baseline 0 -17"><span class='ocrx_word' id='word_1_228' title='bbox 416 2385 606 2437; x_wconf 89' lang='lat' dir='ltr'>ibunt</span> <span class='ocrx_word' id='word_1_229' title='bbox 652 2386 723 2438; x_wconf 93' lang='lat' dir='ltr'>de</span> <span class='ocrx_word' id='word_1_230' title='bbox 771 2386 1015 2439; x_wconf 88' lang='lat' dir='ltr'>uirtute</span> <span class='ocrx_word' id='word_1_231' title='bbox 1059 2386 1126 2439; x_wconf 93' lang='lat' dir='ltr'>in</span> <span class='ocrx_word' id='word_1_232' title='bbox 1174 2387 1502 2452; x_wconf 91' lang='lat' dir='ltr'>uirtutem,</span> <span class='ocrx_word' id='word_1_233' title='bbox 1543 2387 1606 2440; x_wconf 90' lang='lat' dir='ltr'>de</span> <span class='ocrx_word' id='word_1_234' title='bbox 1646 2387 1749 2440; x_wconf 91' lang='lat' dir='ltr'>alia</span> <span class='ocrx_word' id='word_1_235' title='bbox 1783 2385 2163 2439; x_wconf 88' lang='lat' dir='ltr'>transeundum</span> <span class='ocrx_word' id='word_1_236' title='bbox 2199 2388 2279 2438; x_wconf 87' lang='lat' dir='ltr'>est</span> <span class='ocrx_word' id='word_1_237' title='bbox 2315 2384 2383 2438; x_wconf 89' lang='lat' dir='ltr'>ad</span> <span class='ocrx_word' id='word_1_238' title='bbox 2477 2376 2489 2454; x_wconf 57' lang='lat'>{</span> 
     </span>
     <span class='ocr_line' id='line_1_26' title="bbox 418 2467 2487 2539; baseline 0 -21"><span class='ocrx_word' id='word_1_239' title='bbox 418 2467 586 2531; x_wconf 89' lang='lat' dir='ltr'>aliam,</span> <span class='ocrx_word' id='word_1_240' title='bbox 630 2467 751 2536; x_wconf 90' lang='lat' dir='ltr'>quia</span> <span class='ocrx_word' id='word_1_241' title='bbox 778 2468 993 2521; x_wconf 87' lang='lat' dir='ltr'>haerent</span> <span class='ocrx_word' id='word_1_242' title='bbox 1021 2468 1119 2521; x_wconf 90' lang='lat' dir='ltr'>sibi</span> <span class='ocrx_word' id='word_1_243' title='bbox 1148 2473 1200 2521; x_wconf 92' lang='lat' dir='ltr'>et</span> <span class='ocrx_word' id='word_1_244' title='bbox 1226 2469 1306 2522; x_wconf 89' lang='lat' dir='ltr'>ita</span> <span class='ocrx_word' id='word_1_245' title='bbox 1332 2469 1469 2522; x_wconf 89' lang='lat' dir='ltr'>inter</span> <span class='ocrx_word' id='word_1_246' title='bbox 1497 2485 1549 2522; x_wconf 88' lang='lat' dir='ltr'>se</span> <span class='ocrx_word' id='word_1_247' title='bbox 1577 2485 1742 2522; x_wconf 87' lang='lat' dir='ltr'>nexae</span> <span class='ocrx_word' id='word_1_248' title='bbox 1771 2473 1910 2534; x_wconf 91' lang='lat' dir='ltr'>sunt,</span> <span class='ocrx_word' id='word_1_249' title='bbox 1941 2473 2019 2533; x_wconf 91' lang='lat' dir='ltr'>ut,</span> <span class='ocrx_word' id='word_1_250' title='bbox 2052 2468 2140 2537; x_wconf 90' lang='lat' dir='ltr'>qui</span> <span class='ocrx_word' id='word_1_251' title='bbox 2165 2483 2273 2521; x_wconf 90' lang='lat' dir='ltr'>una</span> <span class='ocrx_word' id='word_1_252' title='bbox 2299 2482 2382 2519; x_wconf 89' lang='lat' dir='ltr'>ca-</span> <span class='ocrx_word' id='word_1_253' title='bbox 2413 2480 2455 2519; x_wconf 77' lang='lat'><strong><em>2</em></strong></span> <span class='ocrx_word' id='word_1_254' title='bbox 2480 2494 2487 2539; x_wconf 76' lang='lat' dir='ltr'>i</span> 
     </span>
     <span class='ocr_line' id='line_1_27' title="bbox 413 2543 2489 2611; baseline 0 -12"><span class='ocrx_word' id='word_1_255' title='bbox 413 2548 589 2611; x_wconf 88' lang='lat' dir='ltr'>ruerit,</span> <span class='ocrx_word' id='word_1_256' title='bbox 617 2548 853 2602; x_wconf 87' lang='lat' dir='ltr'>omnibus</span> <span class='ocrx_word' id='word_1_257' title='bbox 878 2555 1065 2603; x_wconf 86' lang='lat' dir='ltr'>careat.</span> <span class='ocrx_word' id='word_1_258' title='bbox 1093 2555 1145 2603; x_wconf 90' lang='lat' dir='ltr'>et</span> <span class='ocrx_word' id='word_1_259' title='bbox 1167 2555 1348 2604; x_wconf 93' lang='lat' dir='ltr'>tamen</span> <span class='ocrx_word' id='word_1_260' title='bbox 1368 2550 1588 2604; x_wconf 88' lang='lat' dir='ltr'>transire</span> <span class='ocrx_word' id='word_1_261' title='bbox 1612 2549 1675 2603; x_wconf 90' lang='lat' dir='ltr'>de</span> <span class='ocrx_word' id='word_1_262' title='bbox 1699 2549 1803 2603; x_wconf 91' lang='lat' dir='ltr'>alia</span> <span class='ocrx_word' id='word_1_263' title='bbox 1827 2549 1898 2603; x_wconf 81' lang='lat' dir='ltr'>ad&#39;</span> <span class='ocrx_word' id='word_1_264' title='bbox 1918 2549 2079 2602; x_wconf 91' lang='lat' dir='ltr'>aliam</span> <span class='ocrx_word' id='word_1_265' title='bbox 2102 2564 2282 2603; x_wconf 88' lang='lat' dir='ltr'>eorum</span> <span class='ocrx_word' id='word_1_266' title='bbox 2303 2552 2380 2602; x_wconf 89' lang='lat' dir='ltr'>est</span> <span class='ocrx_word' id='word_1_267' title='bbox 2478 2543 2489 2571; x_wconf 64' lang='lat'><em>³</em></span> 
     </span>
     <span class='ocr_line' id='line_1_28' title="bbox 415 2626 2466 2698; baseline 0.003 -18"><span class='ocrx_word' id='word_1_268' title='bbox 415 2630 633 2698; x_wconf 87' lang='lat' dir='ltr'>proprie,</span> <span class='ocrx_word' id='word_1_269' title='bbox 670 2631 756 2698; x_wconf 91' lang='lat' dir='ltr'>qui</span> <span class='ocrx_word' id='word_1_270' title='bbox 788 2631 905 2683; x_wconf 88' lang='lat' dir='ltr'>solis</span> <span class='ocrx_word' id='word_1_271' title='bbox 936 2631 1170 2684; x_wconf 87' lang='lat' dir='ltr'>iustitiae</span> <span class='ocrx_word' id='word_1_272' title='bbox 1204 2637 1378 2685; x_wconf 90' lang='lat' dir='ltr'>ortum</span> <span class='ocrx_word' id='word_1_273' title='bbox 1410 2632 1754 2685; x_wconf 86' lang='lat' dir='ltr'>considerant.</span> <span class='ocrx_word' id='word_1_274' title='bbox 2451 2626 2466 2634; x_wconf 9' lang='grc' dir='ltr'>β’</span> 
     </span>
    </p>
   </div>
   <div class='ocr_carea' id='block_1_3' title="bbox 2469 0 2528 2023">
    <p class='ocr_par' dir='ltr' id='par_1_5' title="bbox 2469 0 2528 2023">
     <span class='ocr_line' id='line_1_29' title="bbox 2469 0 2528 2023; baseline 0 -267"><span class='ocrx_word' id='word_1_275' title='bbox 2469 0 2528 2023; x_wconf 95' lang='lat' dir='ltr'>     </span> 
     </span>
    </p>
   </div>
   <div class='ocr_carea' id='block_1_4' title="bbox 420 2774 2486 3007">
    <p class='ocr_par' dir='ltr' id='par_1_6' title="bbox 420 2774 2488 3007">
     <span class='ocr_line' id='line_1_30' title="bbox 468 2774 2486 2860; baseline 0 -13"><span class='ocrx_word' id='word_1_276' title='bbox 468 2814 477 2825; x_wconf 86' lang='grc'>·</span> <span class='ocrx_word' id='word_1_277' title='bbox 532 2806 553 2848; x_wconf 83' lang='grc'>1</span> <span class='ocrx_word' id='word_1_278' title='bbox 586 2805 680 2848; x_wconf 59' lang='grc'>*1)3.</span> <span class='ocrx_word' id='word_1_279' title='bbox 711 2806 777 2857; x_wconf 88' lang='grc'>90,</span> <span class='ocrx_word' id='word_1_280' title='bbox 807 2808 831 2849; x_wconf 84' lang='lat'><strong>7</strong></span> <span class='ocrx_word' id='word_1_281' title='bbox 998 2809 1024 2852; x_wconf 89' lang='lat'><strong>3</strong></span> <span class='ocrx_word' id='word_1_282' title='bbox 1054 2808 1124 2851; x_wconf 84' lang='lat' dir='ltr'>Ps.</span> <span class='ocrx_word' id='word_1_283' title='bbox 1154 2808 1222 2859; x_wconf 89' lang='grc'>90,</span> <span class='ocrx_word' id='word_1_284' title='bbox 1251 2807 1277 2851; x_wconf 98' lang='grc'>6</span> <span class='ocrx_word' id='word_1_285' title='bbox 1448 2806 1502 2852; x_wconf 77' lang='lat' dir='ltr'>cf.</span> <span class='ocrx_word' id='word_1_286' title='bbox 1525 2807 1595 2852; x_wconf 82' lang='lat' dir='ltr'>Ps.</span> <span class='ocrx_word' id='word_1_287' title='bbox 1618 2807 1687 2859; x_wconf 84' lang='lat'>57,</span> <span class='ocrx_word' id='word_1_288' title='bbox 1707 2795 1820 2851; x_wconf 80' lang='lat'>5—6</span> <span class='ocrx_word' id='word_1_289' title='bbox 1982 2807 2007 2851; x_wconf 89' lang='lat'><strong>7</strong></span> <span class='ocrx_word' id='word_1_290' title='bbox 2031 2805 2086 2849; x_wconf 74' lang='lat' dir='ltr'>of.</span> <span class='ocrx_word' id='word_1_291' title='bbox 2110 2803 2158 2848; x_wconf 92' lang='lat'>11</span> <span class='ocrx_word' id='word_1_292' title='bbox 2177 2803 2271 2849; x_wconf 62' lang='lat' dir='ltr'>eon</span> <span class='ocrx_word' id='word_1_293' title='bbox 2292 2805 2379 2860; x_wconf 83' lang='lat'>4‚7</span> <span class='ocrx_word' id='word_1_294' title='bbox 2430 2834 2435 2838; x_wconf 87' lang='lat'>.</span> <span class='ocrx_word' id='word_1_295' title='bbox 2479 2774 2486 2837; x_wconf 82' lang='grc' dir='ltr'>ῗ-</span> 
     </span>
     <span class='ocr_line' id='line_1_31' title="bbox 420 2877 2380 2934; baseline 0 -12"><span class='ocrx_word' id='word_1_296' title='bbox 420 2879 473 2922; x_wconf 88' lang='grc'>10</span> <span class='ocrx_word' id='word_1_297' title='bbox 492 2878 547 2922; x_wconf 77' lang='lat' dir='ltr'>of.</span> <span class='ocrx_word' id='word_1_298' title='bbox 571 2879 697 2924; x_wconf 82' lang='lat' dir='ltr'>Prou.</span> <span class='ocrx_word' id='word_1_299' title='bbox 721 2881 760 2931; x_wconf 85' lang='lat'>4,</span> <span class='ocrx_word' id='word_1_300' title='bbox 784 2882 835 2924; x_wconf 83' lang='lat'>23</span> <span class='ocrx_word' id='word_1_301' title='bbox 931 2883 979 2926; x_wconf 91' lang='lat'>11</span> <span class='ocrx_word' id='word_1_302' title='bbox 1007 2881 1164 2925; x_wconf 74' lang='lat' dir='ltr'>*Num</span> <span class='ocrx_word' id='word_1_303' title='bbox 1187 2883 1255 2934; x_wconf 88' lang='lat'>33,</span> <span class='ocrx_word' id='word_1_304' title='bbox 1277 2883 1332 2926; x_wconf 86' lang='lat'>44</span> <span class='ocrx_word' id='word_1_305' title='bbox 1428 2883 1480 2926; x_wconf 87' lang='lat'>14</span> <span class='ocrx_word' id='word_1_306' title='bbox 1502 2881 1556 2924; x_wconf 84' lang='lat' dir='ltr'>of.</span> <span class='ocrx_word' id='word_1_307' title='bbox 1579 2880 1708 2924; x_wconf 79' lang='lat' dir='ltr'>Zach.</span> <span class='ocrx_word' id='word_1_308' title='bbox 1732 2880 1847 2932; x_wconf 87' lang='grc'>9,16</span> <span class='ocrx_word' id='word_1_309' title='bbox 1941 2880 1993 2925; x_wconf 87' lang='lat'>15</span> <span class='ocrx_word' id='word_1_310' title='bbox 2017 2879 2072 2923; x_wconf 78' lang='lat' dir='ltr'>cf.</span> <span class='ocrx_word' id='word_1_311' title='bbox 2092 2878 2214 2924; x_wconf 84' lang='lat' dir='ltr'>Hier.</span> <span class='ocrx_word' id='word_1_312' title='bbox 2236 2877 2305 2931; x_wconf 85' lang='lat'>50,</span> <span class='ocrx_word' id='word_1_313' title='bbox 2327 2878 2380 2922; x_wconf 85' lang='grc'>96</span> 
     </span>
     <span class='ocr_line' id='line_1_32' title="bbox 421 2952 1738 3007; baseline 0.001 -11"><span class='ocrx_word' id='word_1_314' title='bbox 421 2952 472 2996; x_wconf 89' lang='grc'>19</span> <span class='ocrx_word' id='word_1_315' title='bbox 493 2952 650 2998; x_wconf 70' lang='lat' dir='ltr'>*Num</span> <span class='ocrx_word' id='word_1_316' title='bbox 676 2954 814 3005; x_wconf 83' lang='grc'>91,11</span> <span class='ocrx_word' id='word_1_317' title='bbox 931 2957 982 2999; x_wconf 83' lang='grc'>94</span> <span class='ocrx_word' id='word_1_318' title='bbox 1015 2956 1084 2999; x_wconf 81' lang='lat' dir='ltr'>Ps.</span> <span class='ocrx_word' id='word_1_319' title='bbox 1116 2956 1184 3007; x_wconf 88' lang='lat'>83,</span> <span class='ocrx_word' id='word_1_320' title='bbox 1216 2956 1242 2999; x_wconf 86' lang='lat'>8</span> <span class='ocrx_word' id='word_1_321' title='bbox 1354 2958 1407 3000; x_wconf 83' lang='lat'>27</span> <span class='ocrx_word' id='word_1_322' title='bbox 1436 2954 1618 2999; x_wconf 75' lang='lat' dir='ltr'>of.Ma1.</span> <span class='ocrx_word' id='word_1_323' title='bbox 1645 2956 1686 3007; x_wconf 89' lang='lat'>4,</span> <span class='ocrx_word' id='word_1_324' title='bbox 1713 2955 1738 2997; x_wconf 86' lang='lat'>2</span> 
     </span>
    </p>
   </div>
   <div class='ocr_carea' id='block_1_5' title="bbox 417 3078 2481 3643">
    <p class='ocr_par' dir='ltr' id='par_1_7' title="bbox 417 3078 2485 3643">
     <span class='ocr_line' id='line_1_33' title="bbox 530 3078 2379 3140; baseline 0.001 -19"><span class='ocrx_word' id='word_1_325' title='bbox 530 3079 555 3121; x_wconf 81' lang='lat'>2</span> <span class='ocrx_word' id='word_1_326' title='bbox 567 3078 734 3135; x_wconf 90' lang='lat' dir='ltr'>nostro]</span> <span class='ocrx_word' id='word_1_327' title='bbox 748 3082 825 3122; x_wconf 90' lang='lat' dir='ltr'>tuo</span> <span class='ocrx_word' id='word_1_328' title='bbox 836 3080 871 3123; x_wconf 91' lang='grc' dir='ltr'><em>Ο</em></span> <span class='ocrx_word' id='word_1_329' title='bbox 977 3081 1153 3138; x_wconf 86' lang='grc'>11061116]</span> <span class='ocrx_word' id='word_1_330' title='bbox 1170 3081 1257 3126; x_wconf 86' lang='grc'>11116</span> <span class='ocrx_word' id='word_1_331' title='bbox 1267 3082 1303 3126; x_wconf 90' lang='lat'><em>0</em></span> <span class='ocrx_word' id='word_1_332' title='bbox 1423 3083 1450 3126; x_wconf 91' lang='lat'><strong>3</strong></span> <span class='ocrx_word' id='word_1_333' title='bbox 1462 3081 1555 3140; x_wconf 88' lang='lat' dir='ltr'>sed]</span> <span class='ocrx_word' id='word_1_334' title='bbox 1570 3084 1615 3125; x_wconf 93' lang='lat' dir='ltr'>et</span> <span class='ocrx_word' id='word_1_335' title='bbox 1623 3081 1704 3126; x_wconf 91' lang='lat' dir='ltr'>OB</span> <span class='ocrx_word' id='word_1_336' title='bbox 1822 3078 2125 3124; x_wconf 83' lang='lat' dir='ltr'>obturauimus</span> <span class='ocrx_word' id='word_1_337' title='bbox 2139 3079 2180 3123; x_wconf 94' lang='lat' dir='ltr'><em>B</em></span> <span class='ocrx_word' id='word_1_338' title='bbox 2192 3078 2379 3123; x_wconf 80' lang='lat' dir='ltr'>obdura·</span> 
     </span>
     <span class='ocr_line' id='line_1_34' title="bbox 417 3150 2479 3213; baseline 0.001 -19"><span class='ocrx_word' id='word_1_339' title='bbox 417 3150 559 3195; x_wconf 88' lang='lat' dir='ltr'>bimus</span> <span class='ocrx_word' id='word_1_340' title='bbox 572 3151 738 3196; x_wconf 82' lang='grc' dir='ltr'><em>Χα.ο.Ω</em></span> <span class='ocrx_word' id='word_1_341' title='bbox 813 3156 839 3197; x_wconf 91' lang='grc'>4</span> <span class='ocrx_word' id='word_1_342' title='bbox 852 3167 991 3209; x_wconf 88' lang='lat' dir='ltr'>syren.</span> <span class='ocrx_word' id='word_1_343' title='bbox 1007 3153 1090 3197; x_wconf 88' lang='grc' dir='ltr'>ΩΒ</span> <span class='ocrx_word' id='word_1_344' title='bbox 1103 3169 1237 3199; x_wconf 86' lang='grc'>661611.</span> <span class='ocrx_word' id='word_1_345' title='bbox 1253 3156 1376 3202; x_wconf 85' lang='lat' dir='ltr'>Xa.c.</span> <span class='ocrx_word' id='word_1_346' title='bbox 1454 3156 1480 3200; x_wconf 85' lang='lat'>5</span> <span class='ocrx_word' id='word_1_347' title='bbox 1492 3154 1856 3213; x_wconf 86' lang='lat' dir='ltr'>negle(i0)gimus</span> <span class='ocrx_word' id='word_1_348' title='bbox 1868 3153 1993 3199; x_wconf 92' lang='lat' dir='ltr'>XOB</span> <span class='ocrx_word' id='word_1_349' title='bbox 2066 3152 2332 3211; x_wconf 83' lang='lat' dir='ltr'>negligamus</span> <span class='ocrx_word' id='word_1_350' title='bbox 2353 3166 2379 3207; x_wconf 86' lang='grc' dir='ltr'><em>ς</em></span> <span class='ocrx_word' id='word_1_351' title='bbox 2472 3184 2479 3190; x_wconf 93' lang='grc'>-</span> 
     </span>
     <span class='ocr_line' id='line_1_35' title="bbox 418 3225 2476 3286; baseline 0.002 -18"><span class='ocrx_word' id='word_1_352' title='bbox 418 3225 533 3282; x_wconf 89' lang='lat' dir='ltr'>post]</span> <span class='ocrx_word' id='word_1_353' title='bbox 556 3226 674 3282; x_wconf 92' lang='lat' dir='ltr'>quod</span> <span class='ocrx_word' id='word_1_354' title='bbox 694 3227 746 3270; x_wconf 93' lang='lat' dir='ltr'><em>W</em></span> <span class='ocrx_word' id='word_1_355' title='bbox 844 3226 869 3269; x_wconf 92' lang='lat'>6</span> <span class='ocrx_word' id='word_1_356' title='bbox 896 3227 1162 3272; x_wconf 74' lang='lat' dir='ltr'>confessione</span> <span class='ocrx_word' id='word_1_357' title='bbox 1182 3230 1263 3273; x_wconf 91' lang='lat' dir='ltr'>XO</span> <span class='ocrx_word' id='word_1_358' title='bbox 1359 3232 1383 3274; x_wconf 85' lang='lat'>7</span> <span class='ocrx_word' id='word_1_359' title='bbox 1403 3230 1506 3274; x_wconf 87' lang='lat' dir='ltr'>mal.</span> <span class='ocrx_word' id='word_1_360' title='bbox 1527 3244 1608 3274; x_wconf 86' lang='lat' dir='ltr'>om.</span> <span class='ocrx_word' id='word_1_361' title='bbox 1631 3229 1685 3274; x_wconf 92' lang='lat' dir='ltr'><em>W</em></span> <span class='ocrx_word' id='word_1_362' title='bbox 1789 3227 1894 3286; x_wconf 80' lang='lat' dir='ltr'>quia</span> <span class='ocrx_word' id='word_1_363' title='bbox 1913 3228 1954 3272; x_wconf 93' lang='lat' dir='ltr'><em>B</em></span> <span class='ocrx_word' id='word_1_364' title='bbox 2049 3226 2077 3271; x_wconf 83' lang='lat'>9</span> <span class='ocrx_word' id='word_1_365' title='bbox 2093 3227 2147 3271; x_wconf 90' lang='lat' dir='ltr'>de</span> <span class='ocrx_word' id='word_1_366' title='bbox 2167 3225 2376 3284; x_wconf 73' lang='lat' dir='ltr'>quodam]</span> <span class='ocrx_word' id='word_1_367' title='bbox 2470 3242 2476 3275; x_wconf 61' lang='lat'>,2</span> 
     </span>
     <span class='ocr_line' id='line_1_36' title="bbox 419 3295 2479 3361; baseline 0.002 -20"><span class='ocrx_word' id='word_1_368' title='bbox 419 3299 634 3353; x_wconf 85' lang='lat' dir='ltr'>quaedam</span> <span class='ocrx_word' id='word_1_369' title='bbox 663 3314 687 3353; x_wconf 79' lang='grc' dir='ltr'><strong><em>ς</em></strong></span> <span class='ocrx_word' id='word_1_370' title='bbox 782 3314 868 3358; x_wconf 92' lang='lat' dir='ltr'>quo</span> <span class='ocrx_word' id='word_1_371' title='bbox 889 3300 929 3344; x_wconf 94' lang='grc' dir='ltr'><em>Ω</em></span> <span class='ocrx_word' id='word_1_372' title='bbox 1022 3302 1195 3346; x_wconf 88' lang='lat' dir='ltr'>haurire</span> <span class='ocrx_word' id='word_1_373' title='bbox 1216 3303 1262 3346; x_wconf 92' lang='lat' dir='ltr'><em>X</em></span> <span class='ocrx_word' id='word_1_374' title='bbox 1356 3303 1527 3361; x_wconf 87' lang='lat' dir='ltr'>possint</span> <span class='ocrx_word' id='word_1_375' title='bbox 1539 3304 1592 3348; x_wconf 91' lang='lat' dir='ltr'><em>W</em></span> <span class='ocrx_word' id='word_1_376' title='bbox 1604 3302 1693 3347; x_wconf 91' lang='lat' dir='ltr'>iam</span> <span class='ocrx_word' id='word_1_377' title='bbox 1707 3302 1846 3361; x_wconf 90' lang='lat' dir='ltr'>possit</span> <span class='ocrx_word' id='word_1_378' title='bbox 1861 3302 1901 3346; x_wconf 95' lang='lat' dir='ltr'><em>B</em></span> <span class='ocrx_word' id='word_1_379' title='bbox 1999 3302 2054 3346; x_wconf 91' lang='grc'>10</span> <span class='ocrx_word' id='word_1_380' title='bbox 2065 3300 2311 3346; x_wconf 76' lang='lat' dir='ltr'>ordinemus</span> <span class='ocrx_word' id='word_1_381' title='bbox 2324 3300 2379 3344; x_wconf 85' lang='lat' dir='ltr'><em>W</em></span> <span class='ocrx_word' id='word_1_382' title='bbox 2463 3295 2479 3358; x_wconf 53' lang='lat'>‘3³2</span> 
     </span>
     <span class='ocr_line' id='line_1_37' title="bbox 422 3372 2481 3435; baseline 0.002 -21"><span class='ocrx_word' id='word_1_383' title='bbox 422 3373 467 3413; x_wconf 85' lang='lat'>11</span> <span class='ocrx_word' id='word_1_384' title='bbox 486 3372 625 3417; x_wconf 84' lang='lat' dir='ltr'>hieab.</span> <span class='ocrx_word' id='word_1_385' title='bbox 642 3374 694 3417; x_wconf 92' lang='lat' dir='ltr'><em>W</em></span> <span class='ocrx_word' id='word_1_386' title='bbox 706 3373 846 3418; x_wconf 87' lang='lat' dir='ltr'>hicab.</span> <span class='ocrx_word' id='word_1_387' title='bbox 862 3375 907 3418; x_wconf 95' lang='lat' dir='ltr'><em>X</em></span> <span class='ocrx_word' id='word_1_388' title='bbox 919 3374 1034 3419; x_wconf 93' lang='lat' dir='ltr'>hieb.</span> <span class='ocrx_word' id='word_1_389' title='bbox 1049 3374 1132 3419; x_wconf 87' lang='grc' dir='ltr'>ΩΒ</span> <span class='ocrx_word' id='word_1_390' title='bbox 1145 3376 1241 3420; x_wconf 90' lang='lat' dir='ltr'>ieab</span> <span class='ocrx_word' id='word_1_391' title='bbox 1252 3377 1288 3421; x_wconf 88' lang='grc' dir='ltr'><em>Ο</em></span> <span class='ocrx_word' id='word_1_392' title='bbox 1406 3379 1457 3422; x_wconf 90' lang='lat'>14</span> <span class='ocrx_word' id='word_1_393' title='bbox 1470 3376 1652 3435; x_wconf 88' lang='lat' dir='ltr'>polliciti</span> <span class='ocrx_word' id='word_1_394' title='bbox 1665 3378 1746 3434; x_wconf 81' lang='lat' dir='ltr'>(pr.</span> <span class='ocrx_word' id='word_1_395' title='bbox 1761 3377 1778 3420; x_wconf 95' lang='lat'>1</span> <span class='ocrx_word' id='word_1_396' title='bbox 1789 3376 1912 3433; x_wconf 77' lang='lat' dir='ltr'>eras.)</span> <span class='ocrx_word' id='word_1_397' title='bbox 1927 3375 1981 3420; x_wconf 90' lang='lat' dir='ltr'><em>W</em></span> <span class='ocrx_word' id='word_1_398' title='bbox 2093 3375 2147 3420; x_wconf 90' lang='lat'>18</span> <span class='ocrx_word' id='word_1_399' title='bbox 2159 3374 2218 3420; x_wconf 84' lang='lat' dir='ltr'>ad</span> <span class='ocrx_word' id='word_1_400' title='bbox 2228 3387 2307 3419; x_wconf 89' lang='lat' dir='ltr'>om.</span> <span class='ocrx_word' id='word_1_401' title='bbox 2324 3373 2378 3418; x_wconf 88' lang='lat' dir='ltr'><em>W</em></span> <span class='ocrx_word' id='word_1_402' title='bbox 2479 3428 2481 3431; x_wconf 22' lang='grc' dir='ltr'>Ι</span> 
     </span>
     <span class='ocr_line' id='line_1_38' title="bbox 421 3446 2374 3508; baseline 0.003 -22"><span class='ocrx_word' id='word_1_403' title='bbox 421 3446 472 3487; x_wconf 82' lang='lat'>19</span> <span class='ocrx_word' id='word_1_404' title='bbox 486 3459 611 3502; x_wconf 80' lang='lat' dir='ltr'>super</span> <span class='ocrx_word' id='word_1_405' title='bbox 627 3447 665 3489; x_wconf 90' lang='lat' dir='ltr'><em>B</em></span> <span class='ocrx_word' id='word_1_406' title='bbox 778 3447 944 3492; x_wconf 89' lang='lat' dir='ltr'>dictum</span> <span class='ocrx_word' id='word_1_407' title='bbox 958 3447 998 3492; x_wconf 93' lang='grc' dir='ltr'><em>Ω</em></span> <span class='ocrx_word' id='word_1_408' title='bbox 1112 3451 1165 3494; x_wconf 91' lang='grc'>20</span> <span class='ocrx_word' id='word_1_409' title='bbox 1187 3450 1356 3507; x_wconf 85' lang='lat' dir='ltr'>contra]</span> <span class='ocrx_word' id='word_1_410' title='bbox 1380 3464 1461 3494; x_wconf 91' lang='lat' dir='ltr'>con</span> <span class='ocrx_word' id='word_1_411' title='bbox 1482 3451 1536 3495; x_wconf 92' lang='lat' dir='ltr'><em>W</em></span> <span class='ocrx_word' id='word_1_412' title='bbox 1649 3451 1700 3495; x_wconf 85' lang='lat'>21</span> <span class='ocrx_word' id='word_1_413' title='bbox 1725 3463 1812 3508; x_wconf 90' lang='lat' dir='ltr'>quo</span> <span class='ocrx_word' id='word_1_414' title='bbox 1833 3450 2028 3507; x_wconf 86' lang='lat' dir='ltr'>adusque</span> <span class='ocrx_word' id='word_1_415' title='bbox 2050 3449 2091 3493; x_wconf 91' lang='lat' dir='ltr'><em>B</em></span> <span class='ocrx_word' id='word_1_416' title='bbox 2189 3447 2374 3492; x_wconf 77' lang='lat' dir='ltr'>idomae.</span> 
     </span>
     <span class='ocr_line' id='line_1_39' title="bbox 419 3519 2470 3581; baseline 0.002 -21"><span class='ocrx_word' id='word_1_417' title='bbox 419 3519 540 3562; x_wconf 51' lang='lat' dir='ltr'>Xan.</span> <span class='ocrx_word' id='word_1_418' title='bbox 564 3519 721 3565; x_wconf 88' lang='lat' dir='ltr'>idume.</span> <span class='ocrx_word' id='word_1_419' title='bbox 746 3520 786 3564; x_wconf 89' lang='grc' dir='ltr'><em>Ω</em></span> <span class='ocrx_word' id='word_1_420' title='bbox 862 3523 914 3566; x_wconf 80' lang='lat'>25</span> <span class='ocrx_word' id='word_1_421' title='bbox 937 3522 1043 3579; x_wconf 88' lang='lat' dir='ltr'>quia</span> <span class='ocrx_word' id='word_1_422' title='bbox 1062 3523 1274 3567; x_wconf 88' lang='lat' dir='ltr'>adherent</span> <span class='ocrx_word' id='word_1_423' title='bbox 1290 3525 1326 3568; x_wconf 88' lang='grc' dir='ltr'><em>Ο</em></span> <span class='ocrx_word' id='word_1_424' title='bbox 1347 3524 1423 3581; x_wconf 90' lang='lat' dir='ltr'>qui</span> <span class='ocrx_word' id='word_1_425' title='bbox 1443 3525 1656 3569; x_wconf 86' lang='lat' dir='ltr'>adherent</span> <span class='ocrx_word' id='word_1_426' title='bbox 1673 3525 1799 3581; x_wconf 81' lang='lat' dir='ltr'>Xp.c.</span> <span class='ocrx_word' id='word_1_427' title='bbox 1823 3523 1927 3581; x_wconf 86' lang='lat' dir='ltr'>quia</span> <span class='ocrx_word' id='word_1_428' title='bbox 1946 3526 2068 3568; x_wconf 89' lang='lat' dir='ltr'>erent</span> <span class='ocrx_word' id='word_1_429' title='bbox 2085 3522 2156 3580; x_wconf 78' lang='lat' dir='ltr'>(ex</span> <span class='ocrx_word' id='word_1_430' title='bbox 2173 3522 2316 3579; x_wconf 82' lang='lat' dir='ltr'>erant)</span> <span class='ocrx_word' id='word_1_431' title='bbox 2337 3521 2376 3565; x_wconf 93' lang='lat' dir='ltr'><em>B</em></span> <span class='ocrx_word' id='word_1_432' title='bbox 2466 3555 2470 3559; x_wconf 74' lang='lat'>,</span> 
     </span>
     <span class='ocr_line' id='line_1_40' title="bbox 421 3592 1913 3643; baseline 0.007 -10"><span class='ocrx_word' id='word_1_433' title='bbox 421 3592 475 3634; x_wconf 82' lang='grc'>26</span> <span class='ocrx_word' id='word_1_434' title='bbox 502 3593 553 3634; x_wconf 81' lang='lat' dir='ltr'>dc</span> <span class='ocrx_word' id='word_1_435' title='bbox 582 3619 634 3623; x_wconf 73' lang='lat'>—</span> <span class='ocrx_word' id='word_1_436' title='bbox 661 3595 759 3638; x_wconf 86' lang='lat' dir='ltr'>solis</span> <span class='ocrx_word' id='word_1_437' title='bbox 788 3610 866 3639; x_wconf 84' lang='lat' dir='ltr'>om.</span> <span class='ocrx_word' id='word_1_438' title='bbox 900 3597 953 3639; x_wconf 84' lang='lat' dir='ltr'><em>W</em></span> <span class='ocrx_word' id='word_1_439' title='bbox 1067 3598 1121 3641; x_wconf 85' lang='lat'>27</span> <span class='ocrx_word' id='word_1_440' title='bbox 1149 3601 1293 3641; x_wconf 91' lang='lat' dir='ltr'>ortum</span> <span class='ocrx_word' id='word_1_441' title='bbox 1321 3611 1400 3642; x_wconf 83' lang='lat' dir='ltr'>om.</span> <span class='ocrx_word' id='word_1_442' title='bbox 1433 3599 1485 3642; x_wconf 94' lang='lat' dir='ltr'><em>W</em></span> <span class='ocrx_word' id='word_1_443' title='bbox 1599 3598 1846 3643; x_wconf 89' lang='lat' dir='ltr'>desiderant</span> <span class='ocrx_word' id='word_1_444' title='bbox 1871 3595 1913 3642; x_wconf 86' lang='grc' dir='ltr'><em>Ω</em></span> 
     </span>
    </p>
   </div>
  </div>
 </body>
</html>
