2528 4186
758 381 1040 436 Epistula
1079 382 1224 427 CVIII
1263 385 1423 428 19-20
1960 376 2059 429 335

107 534 392 588 tradiderat
422 528 827 604 gubernandum,
861 535 1030 605 plures
1062 536 1298 606 uirgineS‚
1335 555 1459 606 quas
1494 557 1519 591 e
1544 540 1757 594 diuersis
1784 544 2059 612 prouinciis

106 621 448 686 congregarat,
508 621 620 669 tam
660 615 852 669 nobiles
895 632 1052 685 quam
1090 618 1247 670 medii
1286 624 1338 671 et
1378 619 1546 671 infimi
1586 623 1796 690 generis,
1860 624 1914 675 in
1955 632 2057 678 tres

105 701 302 750 turmas
339 696 751 765 monasteriaque
788 696 983 760 diuisit,
1033 697 1103 752 ita
1145 699 1438 762 dumtaxat,
1478 707 1538 753 ut
1576 701 1631 753 in
1667 720 1815 771 opere
1856 712 1906 757 et
1946 706 2067 759 cibo·

103 782 368 846 separatae
395 777 691 847 psalmodiis
719 783 772 831 et
798 778 1116 832 orationibus
1144 779 1488 850 iungerentur.
1537 788 1656 850 post
1681 783 1914 838 alleluiae
1942 803 2060 839 can-

43 906 46 910 .
106 863 294 922 tatum,
338 874 437 928 quo
479 858 622 928 signo
662 859 984 913 uocabantur
1021 861 1089 913 ad
1130 860 1410 926 collectam,
1455 862 1583 915 nulli
1619 863 1835 919 residere
1862 866 2061 919 licitum

107 944 233 1003 erat,
255 939 342 998 sed
362 939 529 1008 prima
551 938 633 992 uel
650 939 786 997 inter
804 939 994 1009 primas
1015 941 1224 994 ueniens
1235 937 1486 1012 (coetum)
1507 949 1790 998 ceterarum
1802 947 2059 1015 operieba—

105 1025 193 1074 tur
217 1020 411 1089 pudore
438 1025 491 1073 et
515 1020 748 1090 exemplo
770 1016 843 1074 ad*
857 1020 1086 1075 laborem
1105 1040 1188 1076 eas
1211 1040 1509 1091 prouocans,
1538 1042 1642 1078 non
1661 1031 1867 1080 terrore.
1890 1045 2057 1092 mane,

104 1102 230 1154 hora
258 1100 431 1164 tertia,
462 1107 625 1164 sexta,
658 1118 808 1166 nona,
839 1119 1068 1172 uespera,
1099 1104 1266 1157 noctis
1294 1104 1461 1158 medio
1492 1123 1584 1174 per
1612 1107 1841 1160 ordinem
1864 1109 2060 1162 Psalte-

104 1181 239 1235 rium
289 1183 559 1243 canebant¹
596 1199 689 1236 nec
722 1182 910 1237 licebat
942 1184 1184 1253 cuiquam
1216 1202 1446 1239 sororum
1486 1187 1717 1256 ignorare
1751 1189 1972 1258 psalmos
2008 1196 2062 1244 et

22 1314 54 1322 ,,
104 1279 210 1322 non
227 1263 290 1316 de
310 1263 576 1333 scripturis
595 1264 788 1317 sanctis
810 1264 999 1318 cotidie
1019 1265 1215 1335 aliquid
1233 1266 1441 1322 discere.
1474 1268 1556 1320 die
1577 1274 1786 1323 tantum
1804 1271 2058 1325 dominico

106 1345 174 1398 ad
196 1343 462 1398 ecclesiam
483 1345 845 1414 procedebant,
869 1363 936 1398 ex
963 1346 1105 1400 cuius
1127 1347 1438 1402 habitabant
1461 1349 1636 1413 latere,
1662 1356 1716 1403 et
1738 1354 2063 1420 unumquod-

106 1441 204 1494 que
231 1442 415 1494 agmen
439 1431 660 1479 matrem
698 1427 958 1495 propriam
984 1428 1314 1496 sequebatur3
1343 1435 1500 1498 atque
1528 1430 1646 1483 inde
1675 1432 1870 1500 pariter
1895 1449 2062 1486 reuer-

35 1574 37 1577 .
103 1511 273 1559 tentes
311 1506 580 1580 instabant
616 1507 758 1577 operi
794 1508 1038 1562 destricto
1078 1515 1131 1562 et
1171 1509 1252 1563 uel
1287 1509 1381 1563 sibi
1421 1510 1505 1564 uel
1542 1512 1720 1565 ceteris
1759 1513 2061 1568 indumenta

24 1654 26 1658 .
93 1586 382 1646 faciebant.
424 1588 468 1641 si
489 1605 591 1657 qua
611 1594 722 1642 erat
741 1588 944 1653 nobilis,
966 1606 1071 1643 non
1089 1590 1490 1659 permittebatur
1507 1593 1570 1646 de
1590 1593 1742 1646 domo
1763 1611 1855 1647 sua
1874 1595 2060 1648 habere

32 1724 37 1726 ,
107 1668 363 1732 comitem,
401 1685 464 1722 ne
502 1674 738 1722 ueterum
774 1675 987 1723 actuum
1021 1687 1219 1724 memor
1255 1677 1308 1725 et
1345 1672 1658 1727 lasciuientis
1696 1674 1946 1728 infantiae
1986 1692 2062 1729 er-

102 1765 269 1804 rorem
290 1749 552 1803 refricaret
574 1750 852 1819 antiquum
875 1756 928 1804 et
952 1751 1127 1804 crebra
1150 1749 1567 1807 confabulatione
1599 1762 1882 1808 renouaret.
1931 1773 2058 1810 unus

24 1829 29 1900 '¹
105 1830 336 1884 omnium
360 1830 594 1895 habitus3
641 1829 939 1885 linteamine
968 1833 1035 1885 ad
1061 1834 1328 1903 tergendas
1356 1834 1519 1887 solum
1551 1852 1733 1889 manus
1765 1838 2058 1906 utebantur.

25 1910 30 1962 ἶ
104 1929 137 1966 a
163 1911 286 1966 uiris
312 1917 465 1966 tanta
492 1913 762 1981 separatio,
792 1918 853 1966 ut
880 1914 946 1966 ab
974 1914 1289 1982 spadonibus
1321 1931 1522 1984 quoque
1551 1934 1634 1969 eas
1663 1917 1965 1987 sefflngeret,
1996 1936 2057 1971 ne

24 2049 27 2055 ,
93 1992 265 2051 ⁴ullam
304 1993 452 2047 daret
492 1993 812 2064 occasionem
851 1993 1057 2064 linguae
1097 1995 1392 2059 maledicae,
1439 2013 1567 2065 quae
1609 2004 1814 2051 sanctos
1858 2016 2059 2068 carpere

46 2130 49 2131 Β
105 2074 259 2129 solita
292 2079 371 2128 est
406 2074 461 2127 in
494 2075 740 2128 solacium
773 2075 1119 2144 delinquendi.
1159 2076 1201 2129 si
1238 2094 1338 2146 qua
1377 2077 1458 2131 uel
1491 2079 1685 2131 tardior
1721 2081 2061 2133 conueniebat

103 2156 171 2209 ad
200 2154 423 2225 psalmos
454 2162 507 2210 et
536 2156 591 2208 in
619 2173 767 2226 opere
799 2156 1004 2226 pigrior,
1035 2157 1192 2211 uariis
1223 2175 1336 2211 eam
1365 2159 1529 2212 modis
1559 2161 1967 2229 adgrediebatur.
2019 2161 2062 2214 si
2114 2151 2116 2154 ’

24 2223 26 2255 5
104 2242 215 2291 erat
266 2237 525 2300 iracunda,
578 2237 862 2302 blanditiis,
915 2238 958 2291 si
1001 2239 1221 2307 patiens,
1275 2240 1608 2309 correptione,
1662 2240 1784 2294 illud
1841 2242 2061 2311 apostoli

28 2347 37 2357 ⁴-
106 2318 344 2372 imitans:
392 2318 571 2388 quid
618 2318 909 2372 uultis?
956 2319 1029 2371 in
1074 2320 1291 2390 uirga
1326 2321 1624 2374 ueniam
1671 2323 1754 2375 ad
1803 2340 1929 2375 uos
1978 2339 2063 2376 an

107 2399 180 2452 in
230 2399 526 2469 spiritu
578 2399 952 2454 lenitatis
1006 2406 1077 2454 et
1129 2402 1796 2455 mansuetudinis?
1850 2410 2061 2473 excepto

108 2480 251 2534 uictu
282 2486 441 2550 atque
473 2481 671 2535 uestitu
703 2481 900 2535 nullam
931 2482 1118 2535 habere
1155 2483 1278 2552 quid
1312 2483 1610 2552 patiebatur
1641 2484 1840 2537 dicente
1875 2485 2063 2538 Paulo:

256 2656 309 2702 23
330 2656 380 2700 *Ι
400 2657 492 2702 Gor.
515 2659 555 2710 4,
577 2657 627 2701 21
720 2701 726 2706 ,

24 2839 25 2844 ,
255 2791 278 2834 1
300 2800 410 2846 quas
430 2788 470 2848 e]
491 2790 619 2847 quasi
637 2790 678 2834 D
699 2790 1019 2848 quas(s.l.K)de
1039 2791 1125 2835 ΚΒ
1217 2793 1244 2836 3
1264 2793 1417 2838 turbas
1437 2792 1519 2834 ΣΙ)
1619 2793 1665 2836 in
1684 2794 1781 2836 cibo
1802 2793 1883 2835 ΣΙ)
1969 2796 1993 2837 4
2013 2793 2058 2835 in

107 2863 366 2920 psalmodiis
385 2863 424 2906 Β
445 2863 627 2920 psalmis
644 2865 756 2908 αΣΙ)
842 2865 958 2923 post]
981 2869 1219 2923 postquam
1240 2865 1322 2924 Bp.
1328 2878 1360 2909 c.
1449 2867 1509 2911 all
1527 2866 1609 2908 ΣΙ)
1630 2866 1788 2910 aleluia
1808 2867 1854 2910 K
1873 2866 1997 2910 aeuia
2020 2867 2057 2909 B

30 2974 31 2977 ,
76 2943 86 2949 ”
86 2937 137 2993 5
151 2936 269 2994 quod
281 2937 322 2980 D
391 2938 639 2984 uocabatur
651 2940 730 2983 Σα.
737 2951 769 2981 c.
775 2938 816 2980 D
889 2940 1011 2983 nulla
1023 2952 1050 2982 a
1125 2941 1151 2984 6
1165 2940 1251 2998 uel]
1266 2952 1342 2985 seu
1356 2941 1394 2982 Σ
1468 2946 1645 2985 coetum
1663 2940 1824 2992 addidi,
1846 2955 1923 2986 om.
1946 2941 2059 2983 codd.

35 3048 43 3075 3
110 3015 279 3056 ceteras
288 3010 376 3056 ΚΒ
451 3025 566 3068 oper.
582 3012 825 3057 aduentum
840 3027 864 3068 ς
939 3016 964 3059 7
982 3013 1152 3058 labores
1172 3014 1211 3057 B
1285 3015 1333 3058 ui
1352 3016 1430 3058 aut
1450 3018 1611 3059 terrore
1626 3014 1663 3056 Β
1739 3014 1764 3057 8
1783 3026 1960 3069 uespere
1975 3013 2059 3056 KB

104 3084 253 3129 media
265 3085 352 3142 Kp
359 3097 391 3128 o.
468 3085 494 3129 9
505 3087 748 3131 canebatur
759 3087 845 3131 KB
860 3088 1106 3132 cantabant
1119 3102 1144 3142 ς
1200 3087 1261 3145 et]
1278 3102 1355 3132 nec
1369 3090 1446 3131 Σα.
1453 3100 1484 3131 0.
1490 3086 1603 3131 mZD
1680 3089 1733 3132 10
1746 3088 1886 3131 dicere
1898 3100 1969 3139 a,-
1955 3089 2019 3129 *ssa
2027 3099 2056 3129 c

22 3138 23 3141 Ἴ
46 3151 50 3156 ’
111 3160 164 3204 13
174 3159 373 3204 instabat
383 3171 410 3201 a
423 3159 625 3205 districto
639 3160 706 3217 (in
717 3175 795 3217 my.
811 3160 881 3205 ΜΞ
893 3161 939 3206 al
950 3161 1208 3218 distributo)
1221 3164 1258 3204 Σ
1262 3178 1301 3219 p.
1309 3175 1340 3204 c.
1358 3162 1595 3206 distributo
1608 3159 1695 3204 ΚΒ
1761 3163 1812 3205 14
1825 3161 2015 3204 faciebat
2034 3173 2060 3201 α

111 3233 166 3277 16
183 3232 410 3290 refrigaret
426 3233 474 3278 K
572 3235 770 3278 anticum
789 3247 816 3276 a
924 3236 1076 3280 crebra
1095 3236 1139 3292 (a
1158 3248 1211 3278 ex
1229 3250 1253 3279 o
1273 3226 1343 3279 uel
1362 3236 1402 3291 e)
1422 3237 1467 3279 Κ
1541 3233 1814 3278 fabulatione
1834 3236 1870 3275 Σ
1961 3247 2047 3277 ren.

108 3305 230 3351 uirus
249 3307 433 3351 mortale
453 3306 493 3350 B
569 3310 621 3353 17
642 3309 902 3366 tergendum
917 3307 955 3350 B
1031 3309 1083 3354 18
1103 3307 1179 3365 ab]
1194 3323 1219 3352 a
1234 3309 1319 3353 ΚΒ
1396 3308 1662 3365 disiungeret
1683 3306 1720 3349 Β
1796 3321 1874 3351 nec
1894 3308 1931 3348 Σ
1933 3307 2057 3351 α.γ.Ι)

32 3423 49 3433 ,Α
113 3380 167 3424 19
183 3380 416 3425 maledicte
435 3381 474 3424 Β
549 3382 601 3426 20
622 3380 704 3438 est]
728 3386 794 3426 est
813 3386 858 3426 et
876 3382 958 3425 ΣΙ)
980 3386 1045 3427 est
1063 3382 1124 3427 sic
1145 3386 1190 3426 et
1209 3384 1248 3426 Β
1323 3383 1613 3427 conueniebat
1632 3382 1788 3436 scripsi
1806 3394 1893 3423 non
1910 3380 2059 3424 uenie-

113 3453 230 3498 bata
250 3458 346 3498 crat
355 3453 427 3498 uel
439 3469 528 3499 non
540 3456 752 3500 ueniebat
765 3456 850 3499 KB
870 3456 1083 3500 ueniebat
1094 3456 1176 3499 ΣΙ)
1251 3457 1300 3500 21
1325 3455 1385 3513 et]
1408 3455 1477 3499 uel
1497 3460 1591 3500 erat
1607 3470 1630 3510 ς
1704 3455 1755 3497 22
1776 3454 2003 3497 iracundia
2020 3454 2057 3496 Β

39 3559 53 3587 ,1
100 3527 378 3587 correctione
397 3528 436 3571 B
530 3529 584 3574 23
599 3529 723 3586 uirgo
743 3542 771 3571 a
788 3530 959 3586 uirgam
980 3530 1027 3573 K
1117 3530 1169 3575 24
1187 3530 1235 3573 in
1254 3543 1332 3574 om.
1355 3529 1393 3571 Β
1488 3529 1538 3572 25
1560 3534 1702 3584 adque
1724 3528 1943 3579 KD,.5a.c.
1967 3530 2012 3571 et
2033 3542 2057 3582 ς

31 3599 41 3661 s
80 3665 83 3667 ,
113 3600 238 3658 qaid]
260 3602 500 3659 quicquam
519 3599 714 3659 Epamss

2519 4002 2528 4186 -e-f-„w-
2527 3939 2528 3970 „„
