2528 4186
323 378 356 428 8
976 388 1205 433 Sancti
1256 387 1633 446 Hieronymi

1185 542 1413 597 LXXII.

787 653 882 706 AD
918 652 1234 707 VITALEM
1266 653 1814 707 PRESBYTERUM.

455 765 499 818 1.
533 764 706 817 Zenon
726 764 1011 829 nauclerus,
1033 781 1124 834 per
1146 781 1299 834 quem
1318 764 1446 817 mihi
1466 764 1591 817 dicis
1611 769 1735 817 tuae
1758 764 2052 817 sanctitatis
2083 764 2282 818 litteras

321 862 428 898 esse
468 845 812 910 transmissaS,
856 862 1016 898 unam
1050 850 1263 899 tantum
1304 851 1356 898 et
1396 844 1606 899 breuem
1642 845 1918 916 epistulam
1947 845 2090 898 beati
2118 863 2284 916 papae

319 925 569 980 Amabilis
610 926 837 979 reddidit
877 926 1032 979 solita
1070 926 1379 980 munuscula
1418 927 1788 981 continentem.
1834 926 2064 996 satisque
2104 927 2276 992 miror,

322 1008 447 1077 quid
479 1024 663 1061 causae
686 1007 859 1072 fuerit,
892 1013 970 1072 ut,
1005 1025 1124 1061 cum
1150 1008 1205 1060 in
1234 1008 1679 1061 benedictionibus
1710 1013 1762 1061 et
1789 999 1895 1062 tuis
1925 1013 1978 1061 et
2005 1008 2140 1061 illius
2169 1025 2282 1078 per-

319 1088 540 1142 ferendis
568 1088 736 1142 fidelis
765 1089 1015 1154 extiterit,
1042 1089 1098 1141 in
1122 1089 1388 1143 reddenda
1413 1089 1637 1159 epistula
1655 1090 1923 1159 neglegens
1949 1089 2280 1160 adprobetur.

319 1187 486 1239 neque
521 1170 658 1223 enim
690 1175 745 1223 te
771 1169 882 1223 falli
903 1166 1142 1236 arbitr'or,
1175 1171 1487 1240 discipulum
1515 1171 1771 1236 ueritatis,
1806 1170 1906 1224 nisi
1927 1171 2061 1224 forte
2089 1171 2283 1224 Graeco

319 1251 518 1305 homini
538 1251 757 1304 Latinus
780 1268 945 1305 sermo
967 1251 1104 1305 inter
1126 1252 1387 1305 chartulas
1412 1251 1689 1306 oberravit.
1712 1253 1893 1322 itaque
1916 1253 1983 1314 ad
2004 1253 2284 1306 secundam

317 1333 539 1386 rescribo
561 1333 853 1402 epistulam,
877 1350 1036 1403 quam
1052 1333 1181 1387 mihi
1199 1338 1410 1386 sanctus
1427 1333 1566 1386 filius
1586 1350 1732 1386 meus
1751 1333 2019 1387 Heraclius
2039 1334 2285 1387 diaconus

316 1414 560 1479 reddidit,
588 1415 643 1466 in
659 1431 762 1483 qua
781 1414 918 1467 inter
931 1419 1103 1467 cetera
1115 1415 1417 1484 deprecariS,
1442 1419 1504 1467 ut
1528 1432 1786 1484 exponam
1797 1414 1899 1467 tibi
1911 1431 2106 1479 causas,
2125 1431 2282 1484 quare

322 1487 567 1549 Salomon
609 1500 661 1548 et
700 1496 875 1550 Achaz
915 1495 1157 1549 undecim
1197 1513 1452 1548 annorum
1490 1495 1626 1548 filios
1666 1495 1900 1565 genuisse
1941 1496 2198 1549 dicantur.
2241 1496 2285 1549 si

319 1576 457 1630 enim
502 1576 807 1630 duodecimo
854 1594 989 1630 anno
1038 1576 1284 1631 Salomon
1329 1594 1481 1647 super
1527 1577 1724 1630 Israhel
1768 1577 1968 1647 accepit
2010 1577 2285 1647 imperium

318 1663 370 1711 et
396 1657 745 1727 quadraginta
767 1656 915 1711 annis
936 1658 1176 1728 regnauit
1198 1658 1253 1711 in
1275 1658 1602 1711 Hierusalem
1623 1658 1866 1728 filiusque
1890 1659 2000 1711 eius
2026 1658 2279 1723 Roboam,

319 1757 441 1792 cum
465 1739 918 1808 quadragesimum
940 1745 992 1792 et
1005 1739 1233 1810 primum
1255 1757 1451 1794 annum
1464 1745 1636 1809 ageret
1656 1739 1861 1804 aetatiS,
1885 1739 2028 1810 patri
2043 1740 2285 1793 successit

316 1821 372 1873 in
411 1838 644 1889 regnum,
687 1821 1018 1891 perspicuum
1058 1826 1137 1874 est
1176 1821 1418 1874 undecim
1459 1838 1714 1874 annorum
1753 1821 1910 1874 fuisse
1955 1821 2284 1874 Salomonem

319 1902 427 1955 siue
462 1903 654 1968 decem,
694 1902 817 1972 quia
850 1902 1028 1955 decem
1058 1919 1258 1956 menses
1294 1920 1324 1956 a
1356 1907 1612 1972 conceptu
1644 1919 1809 1972 usque
1843 1903 1910 1955 ad
1942 1908 2155 1972 partum
2187 1902 2284 1955 sibi

428 2109 481 2152 14
510 2108 563 2151 cf.
595 2108 666 2151 III
693 2109 799 2165 Reg.
829 2110 895 2161 11,
923 2110 990 2152 42.
1023 2109 1069 2152 II
1097 2110 1193 2153 Par.
1224 2109 1262 2162 9,
1292 2110 1345 2153 30
1515 2108 1569 2152 15
1596 2109 1649 2152 cf.
1680 2109 1751 2152 III
1778 2110 1883 2166 Reg.
1912 2110 1979 2161 14,
2007 2110 2057 2153 21

795 2263 1051 2308 Veronensis
1079 2265 1305 2319 rescriptas
1334 2263 1434 2308 XV.
1467 2264 1523 2308 13
1549 2278 1584 2308 s.
1618 2263 1754 2307 VIII.

797 2338 1035 2382 Vaticanus
1065 2339 1134 2382 lat.
1168 2338 1248 2382 355
1265 2343 1313 2390 -{-
1338 2338 1420 2382 356
1448 2353 1481 2381 s.
1513 2339 1702 2382 IX-X,

798 2412 1048 2456 Casinensis
1076 2413 1159 2456 295
1188 2426 1221 2456 s.
1254 2413 1311 2456 X.

801 2487 1030 2530 Palatinus
1060 2487 1129 2530 lat.
1160 2486 1242 2530 209
1272 2500 1304 2529 s.
1336 2487 1394 2529 X.

798 2560 1074 2604 Sessorianus
1105 2559 1158 2604 30
1186 2560 1319 2618 (Bibl.
1349 2560 1451 2604 Nat.
1486 2558 1606 2604 Rom.
1638 2560 1765 2617 1570)
1795 2573 1827 2602 s.
1859 2560 1946 2603 XI.

645 2634 686 2677 Β
719 2656 762 2670 =
801 2634 1089 2679 Berolinensis
1119 2635 1188 2679 lat.
1220 2635 1273 2678 18
1290 2647 1324 2678 s.
1355 2635 1469 2678 XII.

408 2723 465 2766 ad
499 2722 683 2767 uitalem
717 2724 848 2780 prbm
881 2724 920 2769 Ἡ
954 2723 1011 2766 ad
1044 2722 1227 2767 uitalem
1261 2724 1421 2780 pbrum
1455 2723 1509 2766 de
1543 2723 1767 2767 salomone
1801 2725 1846 2766 et
1879 2722 2026 2775 achaz,
2062 2723 2280 2779 quomodo

318 2797 519 2841 salomon
555 2800 601 2841 et
635 2796 769 2841 achaz
803 2796 1007 2842 undecim
1041 2811 1256 2842 annorum
1290 2797 1486 2854 genuisse
1521 2797 1723 2841 dicantur
1757 2796 1874 2841 filios
1910 2796 1974 2840 De
2007 2797 2064 2840 ad
2098 2795 2281 2840 uitalem

317 2861 420 2928 epifi
448 2871 757 2929 (presbiterum
787 2871 859 2929 B),
889 2872 1108 2929 quomodo
1136 2872 1336 2916 salomon
1364 2874 1410 2915 et
1436 2871 1570 2915 achaz
1597 2871 1720 2928 (acaz
1750 2870 1807 2928 Β)
1834 2870 2038 2915 undecim
2065 2884 2280 2915 annorum

319 2945 435 2989 filios
456 2945 652 3002 genuisse
673 2946 887 3003 (genuisse
907 2946 1023 2991 filios
1043 2946 1088 2990 N
1108 2946 1305 3003 genuisse
1327 2945 1384 3003 Β)
1405 2946 1608 2990 dicantur
1627 2946 1724 3003 (om.
1747 2945 1811 3003 N)
1831 2945 1876 2989 N
1897 2959 1921 2989 ο
1944 2944 2007 3001 B,·
2025 2945 2282 3003 Hieronymi

319 3034 472 3063 nomen
506 3020 718 3076 (eiusdem
750 3021 808 3078 Q)
842 3020 1034 3065 exhibent
1067 3020 1180 3064 tituli
1211 3020 1398 3064 codicum
1430 3022 1591 3076 praeter
1627 3019 1666 3062 Β

639 2264 686 2603 ωοὲῠὲέἐ

719 2581 763 2595 ΙΙ
717 2506 762 2522 ll
718 2434 761 2448 ΙΙ
717 2359 760 2373 ΙΙ
715 2286 758 2300 ΙΙ

426 3183 454 3226 3
481 3195 585 3225 zeno
611 3182 679 3225 Ne
817 3182 1061 3227 nauclerius
1086 3183 1132 3227 N
1263 3182 1290 3226 5
1317 3181 1499 3226 amabili
1526 3181 1565 3225 Β
1696 3183 1844 3226 soluta
1870 3197 1890 3226 e
2025 3195 2110 3239 que
2136 3196 2215 3226 om.
2233 3182 2279 3226 N

320 3256 345 3298 6
374 3255 493 3312 quod
520 3270 542 3299 0
712 3257 1003 3314 praeferendis
1031 3259 1072 3301 D
1099 3257 1377 3315 perferendus
1407 3256 1465 3301 sit
1489 3257 1534 3300 N
1705 3259 1729 3301 7
1752 3259 1924 3301 retenta
1946 3256 1985 3299 B
2013 3255 2241 3300 retinenda
2260 3269 2282 3299 e

319 3344 442 3386 appr.
460 3330 529 3373 No
551 3330 671 3387 abpr.
695 3330 734 3372 Β
755 3332 1060 3388 comprobetur
1077 3346 1101 3386 ς
1183 3333 1210 3375 8
1227 3334 1272 3375 te
1288 3331 1401 3388 falli]
1422 3330 1542 3374 fallit
1560 3333 1604 3374 te
1621 3345 1643 3374 ο
1715 3334 1760 3374 te
1777 3345 1855 3375 om.
1874 3327 1920 3371 N
1996 3332 2022 3375 9
2039 3330 2226 3375 hominis
2243 3329 2282 3372 Β

319 3403 467 3447 latinis
494 3403 617 3447 Nae.
646 3404 690 3447 in
716 3405 865 3449 latinis
893 3420 915 3449 ο
1020 3405 1208 3449 cartulas
1236 3405 1303 3449 oB
1404 3405 1455 3449 10
1483 3404 1547 3448 fil.
1571 3419 1629 3448 m.
1655 3408 1830 3449 sanctus
1858 3405 1897 3447 Β
1980 3404 2112 3448 eracli
2132 3406 2181 3462 (y
2203 3403 2280 3460 D)-

320 3492 369 3521 us
389 3477 520 3520 DoeB
650 3478 759 3522 diac.
779 3494 857 3523 om.
875 3480 914 3525 21
932 3480 1001 3536 (ej.
1021 3479 1140 3535 epist.
1157 3478 1367 3523 LXVIII
1383 3478 1499 3536 init.)
1545 3493 1549 3496 ⁴
1570 3492 1574 3496 ·
1627 3481 1679 3523 12
1698 3492 1802 3522 acaz
1820 3479 1859 3521 Β
1982 3481 2034 3523 13
2051 3477 2276 3523 duodecim

322 3565 537 3595 annorum
563 3553 608 3595 N
779 3555 831 3597 14
858 3553 1015 3598 iherus.
1047 3553 1086 3596 B
1271 3552 1360 3597 eius
1387 3566 1420 3596 s.
1449 3554 1475 3596 l.
1503 3553 1572 3596 m2
1600 3567 1620 3596 e
1804 3553 1855 3597 15
1884 3556 1929 3596 et
1955 3553 2081 3610 prim.
2109 3567 2188 3597 om.
2218 3551 2280 3595 De

322 3625 516 3669 succedit
540 3627 585 3669 N
757 3627 808 3671 16
835 3628 1032 3672 salomon
1063 3628 1267 3683 De‚Np.r.
1439 3629 1488 3671 17
1516 3626 1655 3670 decim
1682 3627 1839 3684 (Dae.)
1857 3653 1911 3658 ——
1928 3626 2068 3671 decim
2095 3627 2158 3670 De

2321 1348 2370 1385 10

2320 1754 2367 1790 15
