2528 4186
476 294 571 345 166
1165 304 1370 349 Sancti
1400 303 1744 360 Hieronymi

475 461 564 529 qui
594 475 754 529 aquas
786 459 1046 512 continere
1075 475 1180 512 -non
1210 458 1389 528 possit,
1422 458 1706 527 aequalem,
1741 455 1998 527 quantum
2025 459 2080 512 in
2110 475 2163 512 se
2193 465 2286 525 est,
2319 461 2428 514 dia-
2512 492 2513 496 κ

473 542 651 595 bolum
682 540 809 593 facit
841 540 949 594 filio
983 541 1079 605 dei,
1116 542 1241 593 dum
1274 539 1502 593 detrahit
1533 539 1610 592 illi
1639 539 1783 608 regni
1811 539 2029 608 gloriam
2061 541 2430 610 sempiternam
2514 557 2524 610 g:

475 628 526 678 et
556 623 771 692 imperio
801 623 966 691 patris
996 638 1114 675 eum
1144 621 1335 674 subicit
1365 638 1483 674 cum
1513 620 1866 674 daemonibus,
1899 638 2081 675 uerum
2109 622 2258 676 istius
2285 624 2429 678 modi
2468 622 2481 686 J

474 722 580 758 uox
618 704 762 773 inpia
800 708 1096 772 proteratur
1137 707 1187 756 et
1228 702 1451 756 sciamus
1491 718 1707 772 regnum
1748 702 1936 757 Christi
1975 719 2082 757 esse
2121 709 2430 773 perpetuum
2481 727 2496 746 ³

474 787 586 855 ipso
601 786 926 855 loquentead
940 784 1215 854 discipulos
1228 800 1371 837 suos:
1391 802 1425 836 u
1441 801 1468 837 o
1483 800 1507 836 s
1541 800 1578 853 p
1597 800 1623 836 e
1643 801 1669 836 r
1687 801 1712 837 s
1733 801 1760 837 e
1779 802 1814 838 u
1836 801 1862 836 e
1881 800 1908 836 r
1927 801 1958 837 a
1977 801 1999 837 s
2025 789 2049 837 t
2068 785 2128 837 is
2154 800 2208 837 m
2229 802 2256 838 e
2277 786 2358 840 c'u
2376 804 2431 840 m

474 868 547 920 in
587 866 1258 935 temptationibus
1299 866 1483 918 meis
1525 870 1595 918 et
1649 882 1777 935 ego
1823 869 2168 919 statuam
2210 866 2428 921 uobis

474 952 1031 1002 testamentum
1093 952 1506 1012 aeternum,
1570 951 1649 1000 ut
1711 947 2013 1000 bibatis
2075 951 2146 1000 et
2209 964 2491 1002 come--

476 1030 686 1083 datis
748 1045 1042 1097 semper
1104 1044 1330 1097 super
1391 1044 1716 1081 mensam
1778 1045 2005 1082 meam
2067 1028 2140 1082 in
2201 1045 2430 1099 regno
2474 1047 2475 1050 ’

476 1129 530 1164 m
551 1128 578 1163 e
599 1128 642 1163 o.
677 1111 936 1179 quomodo
964 1109 1148 1179 inpleri
1175 1114 1351 1178 potest
1378 1110 1492 1174 hoc,
1525 1110 1664 1178 quod
1694 1109 1883 1164 dicitur
1914 1109 2163 1179 ‘semper‘‚
2194 1111 2293 1164 nisi
2319 1127 2432 1181 per-

476 1198 693 1262 petuum
717 1208 931 1260 regnum
956 1192 1023 1247 sit
1049 1196 1100 1244 et
1125 1190 1265 1244 nullo
1290 1191 1395 1243 fine
1421 1191 1803 1245 claudendum?
1832 1192 1971 1261 quod
1997 1196 2050 1248 et
2072 1192 2212 1261 magi
2233 1192 2431 1246 intelle-

474 1279 652 1344 gentes
702 1274 836 1326 uersi
884 1273 951 1325 ad
1000 1273 1376 1342 paenitentiam
1426 1272 1705 1327 studiosius
1754 1273 2268 1342 percunctabantur:
2304 1291 2340 1327 u
2358 1273 2393 1327 b
2413 1274 2432 1327 i
2479 1293 2482 1313 ³

477 1361 606 1420 est,
676 1355 801 1423 qui
865 1359 1093 1407 natus
1161 1358 1274 1406 est
1338 1370 1468 1406 rex
1534 1354 2029 1408 Iudaeorum?
2098 1355 2430 1409 uidimus
2473 1350 2476 1381 ³

476 1437 667 1489 enim
724 1435 1036 1488 stellam
1095 1435 1256 1489 eius
1313 1436 1386 1488 in
1445 1435 1749 1489 oriente
1807 1441 1877 1489 et
1933 1435 2479 1502 118111111113,111;’

476 1535 507 1571 a
527 1518 561 1570 d
583 1534 610 1569 o
631 1534 656 1569 r
678 1533 703 1569 e
722 1533 776 1568 m
797 1534 831 1569 u
852 1533 874 1570 s
919 1534 945 1569 e
965 1535 999 1570 u
1019 1534 1087 1570 m.
1131 1517 1270 1586 magi
1309 1517 1543 1570 fatentur
1584 1517 1845 1572 Christum
1883 1534 2055 1587 regem
2095 1523 2147 1572 et
2188 1517 2431 1587 OrIgenes
2472 1575 2474 1578 ,

475 1603 630 1668 negat
668 1598 840 1651 dicens
879 1616 998 1652 eum
1035 1615 1140 1651 non
1175 1599 1230 1650 in
1267 1603 1517 1667 perpetuo
1555 1604 1892 1669 regnaturum
1928 1616 2023 1653 nec
2060 1599 2432 1653 animaduertit

474 1697 527 1734 se
564 1680 873 1733 Iudaeorum
907 1680 1238 1750 blasphemiis
1272 1680 1505 1733 similem.
2475 1692 2477 1694 ·

526 1751 527 1763 ’
606 1763 651 1815 9.
690 1763 929 1832 Legimus
966 1762 1020 1814 in
1059 1761 1338 1831 euangelio,
1392 1778 1510 1814 cum
1548 1762 1786 1816 dominus
1826 1767 1984 1831 atque
2022 1761 2252 1816 saluator
2287 1762 2433 1821 forti-

476 1843 671 1896 tudinis
711 1861 833 1898 suae
874 1849 926 1897 et
964 1843 1249 1913 patientiae
1288 1843 1550 1913 exemplar
1590 1843 1863 1897 ostendens
1903 1860 2106 1897 crucem
2144 1844 2428 1908 scanderet,
2470 1855 2478 1898 ζ

476 1924 783 1981 Pilatus
851 1925 1277 1994 inscripsit
1342 1925 1668 1978 titulum
1737 1930 1806 1978 et
1874 1925 2140 1994 posuit
2207 1940 2433 1994 super
2517 1937 2519 1997 ᾔ

479 2006 641 2059 eius
688 2012 936 2076 caput.
986 2007 1365 2076 scriptum
1411 2012 1663 2060 autem
1709 2012 1898 2060 erat:
1949 2006 2164 2060 Iesus
2211 2006 2432 2065 Naza·

475 2104 698 2142 renus
767 2105 895 2145 rex
975 2088 1447 2142 Iudaeorum.
1492 2088 1759 2141 ‘istum
1821 2087 2146 2141 titulum
2208 2087 2519 2142 multi*

475 2169 782 2238 legerunt
846 2170 1259 2235 Iudaeorum,
1320 2170 1431 2238 qui
1501 2175 1645 2223 erat
1725 2170 2024 2239 scriptus
2083 2168 2430 2233 Hebraico,
2470 2191 2472 2195 ’

476 2250 751 2304 Latine
803 2257 873 2304 et
928 2251 1226 2305 Graece.
1282 2251 1653 2305 dicebant
1705 2267 1876 2320 ergo
1927 2249 2189 2304 Pilato
2239 2249 2434 2320 prin-

478 2332 685 2402 cipes
723 2334 1215 2386 sacerdotum
1251 2336 1321 2386 et
1359 2331 2479 2396 Iudaeorumznoliscribere‚

479 2414 672 2481 quod
711 2430 839 2466 rex
882 2414 1339 2468 Iudaeorum
1381 2415 1500 2479 sit,
1544 2415 1669 2468 sed
1711 2414 1906 2483 quod
1946 2404 2084 2466 ilre
2126 2430 2196 2467 se
2237 2414 2432 2466 dixe·
2510 2438 2514 2483 l

478 2495 582 2547 rit
618 2511 862 2564 regem
902 2495 1375 2549 Iudaeo-rum.
1415 2496 1829 2565 respondit
1866 2495 2199 2569 Pilatus:
2239 2495 2434 2564 quod

593 2700 618 2744 5
642 2700 773 2744 *Luc.
796 2703 862 2754 22,
886 2702 1050 2747 28-30
1166 2705 1215 2746 11
1240 2703 1430 2748 *Mattn
1453 2703 1492 2755 2,
1517 2705 1542 2747 2
1655 2702 1709 2746 19
1731 2702 1852 2747 *Ioh.
1876 2703 1943 2755 19,
1965 2702 2130 2746 19-22

594 2877 614 2918 1
639 2882 755 2921 cont.
778 2891 914 2935 aquas
937 2878 976 2920 V
1060 2879 1276 2924 sustinere
1297 2895 1327 2924 u
1415 2880 1587 2938 possint
1605 2881 1773 2925 Ta.r.U
1862 2879 2037 2925 diabolo
2057 2893 2088 2923 u
2185 2880 2210 2922 2
2231 2878 2337 2923 fecit
2359 2880 2430 2924 Uu
2466 2862 2468 2865 ,
2510 2911 2512 2914 .

484 2949 627 2993 filium
647 2965 677 2994 u
771 2951 913 2996 tradit
931 2966 961 2995 u
1067 2953 1171 3011 glor.
1193 2956 1316 3011 regni
1338 2953 1378 2996 V
1479 2956 1506 2999 3
1525 2968 1623 2999 eam
1643 2968 1672 2998 u
1777 2954 1906 2998 huius
1927 2968 1957 2998 u
2062 2956 2088 2998 4
2107 2955 2380 3010 protestatur
2399 2967 2430 2996 u
2468 2943 2489 3005 sp

484 3024 545 3082 et]
566 3028 618 3068 ut
642 3027 682 3070 U
701 3025 777 3069 sed
797 3024 981 3081 up.c.m2
1095 3017 1172 3085 {pff
1189 3042 1372 3086 regnum
1392 3043 1422 3072 u
1546 3028 1572 3072 5
1593 3043 1692 3073 suos
1713 3034 1793 3073 om.
1816 3043 1848 3072 u
1969 3028 1996 3072 6
2015 3027 2378 3073 tribulationibus
2399 3039 2430 3070 u

482 3102 632 3143 statuo
653 3114 677 3154 ς
733 3100 962 3144 uobiscum
985 3100 1024 3142 V
1082 3103 1107 3146 9
1128 3103 1347 3159 quomodo
1368 3103 1487 3146 enim
1511 3103 1627 3148 UVu
1693 3103 1937 3159 perfectum
1962 3103 2003 3147 U
2060 3103 2114 3147 10
2131 3103 2206 3147 alt.
2221 3106 2267 3146 et
2285 3115 2365 3153 om.
2389 3099 2430 3143 V

485 3175 533 3216 11
557 3175 908 3229 percunctabant
932 3176 971 3219 U
992 3177 1315 3230 percontabant
1333 3192 1363 3221 u
1458 3178 1509 3221 13
1528 3178 1648 3222 enim
1668 3192 1748 3222 om.
1769 3192 1800 3222 u
1894 3176 2064 3221 oriente
2082 3191 2113 3220 u
2216 3179 2269 3220 ut
2287 3174 2428 3232 adon]
2470 3183 2472 3186 ’

484 3247 664 3291 adorare
687 3247 757 3291 Vu
846 3250 896 3292 14
916 3238 1023 3305 {tp-rh
1043 3251 1314 3300 confitentur
1335 3266 1364 3295 u
1452 3265 1597 3308 regem
1617 3267 1696 3297 om.
1719 3266 1749 3295 u
1835 3255 1882 3296 et
1901 3248 2011 3295 s.z.V
2109 3250 2296 3308 origenis
2316 3247 2431 3294 TVu
2470 3251 2498 3263 ’

486 3321 537 3364 15
556 3322 602 3365 in
622 3327 884 3379 perpetuum
902 3324 972 3367 Uu
992 3327 1205 3380 perpetuo
1231 3339 1255 3378 ς
1368 3325 1565 3370 aduertit
1589 3327 1628 3371 U
1743 3327 1791 3370 17
1813 3324 1933 3383 quod
1953 3338 2053 3370 cum
2078 3325 2119 3369 U
2230 3325 2284 3370 18
2302 3322 2425 3380 suae]

484 3395 610 3439 nobis
630 3409 660 3438 u
714 3396 886 3453 insigne
907 3410 974 3441 ex.
998 3412 1023 3452 ς
1081 3398 1134 3442 19
1153 3398 1328 3454 scripsit
1344 3400 1415 3443 Uu
1473 3400 1527 3444 20
1546 3413 1640 3456 cap.
1663 3399 1754 3444 eius
1779 3401 1851 3445 Uu
1907 3400 1957 3442 21
1981 3402 2017 3442 et
2037 3401 2090 3444 22
2107 3398 2337 3443 iudeorum
2347 3393 2430 3441 TV
2468 3455 2469 3458 Ἰ

490 3470 688 3526 (passim)
757 3471 809 3514 22
821 3471 1047 3516 haebreice
1068 3472 1108 3516 Τ
1177 3473 1229 3517 23
1248 3472 1388 3516 latine
1407 3486 1558 3530 graece
1577 3476 1616 3518 U
1636 3487 1788 3531 graece
1809 3476 1854 3518 et
1871 3472 2010 3518 latine
2030 3486 2060 3515 u
2129 3474 2182 3517 24
2199 3471 2429 3517 iudeorum

486 3556 570 3586 sac.
594 3547 640 3586 et
660 3542 697 3584 V
841 3544 894 3589 25
911 3545 1141 3590 iudeorum
1160 3559 1238 3590 rex
1260 3544 1299 3587 V
1441 3547 1500 3591 sit
1519 3548 1633 3592 s.l.U
1763 3548 1838 3593 alt.
1860 3546 1979 3606 quod
1999 3560 2079 3592 om.
2101 3560 2131 3590 u
2262 3545 2380 3591 dixit
2397 3558 2429 3588 u
2465 3585 2467 3587 ,
