2482 4230
859 390 1133 447 Epistula
1171 390 1314 434 GXVI
1353 391 1516 436 20—23
2058 378 2160 432 413

197 545 432 609 uoluerit,
467 545 556 615 qui
585 546 683 599 hoc
712 545 993 608 existimat,
1026 544 1115 598 ubi
1144 546 1445 609 mentiatur,
1479 547 1602 599 dum
1633 551 1808 600 tamen
1840 548 1904 599 ab
1936 547 2156 601 scriben-

195 627 338 680 tibus
375 627 674 681 auctoribus
711 631 1009 680 sanctarum
1045 626 1415 695 scripturarum
1452 632 1503 679 et
1535 627 1761 680 maxime
1796 629 2155 682 canonicarum

193 708 494 762 inconcusse
533 710 771 762 credatur
808 712 860 761 et
897 706 1205 761 defendatur
1242 708 1418 760 abesse
1456 709 1662 761 omnino
1698 710 2038 773 mendacium,
2090 726 2158 763 ne

194 789 575 860 dispensatores
597 788 802 852 Christi,
835 790 899 842 de
929 789 1116 858 quibus
1145 789 1343 842 dictum
1372 794 1471 842 est:
1521 790 1639 842 hic
1681 790 1823 842 iam
1870 807 1900 859 q
1923 808 1956 842 u
1978 807 2008 843 a
2029 808 2054 844 e
2073 791 2156 843 ri-

193 876 318 925 tur
380 870 592 923 inter
656 869 1276 940 dispensatores
1345 876 1424 923 ut
1489 870 1763 925 fidelis
1830 872 1996 939 quis
2059 872 2153 926 in-

193 969 229 1005 u
251 969 330 1005 en
350 951 368 1004 i
389 967 420 1004 a
438 956 464 1004 t
483 968 518 1004 u
538 967 583 1015 r,
613 956 888 1020 tamquam
921 967 1172 1020 magnum
1206 951 1401 1020 aliquid
1435 952 1531 1005 sibi
1563 952 1784 1005 fideliter
1816 953 2050 1006 didicisse
2080 953 2155 1005 ui-

193 1034 418 1086 deantur
472 1049 567 1102 pro
624 1033 862 1086 ueritatis
911 1033 1292 1101 dispensatione
1336 1033 1559 1097 mentiri,
1609 1050 1726 1087 cum
1769 1033 1882 1103 ipsa
1927 1034 2056 1087 fides
2099 1035 2153 1087 in

194 1114 381 1167 Latino
426 1130 658 1168 sermone
702 1115 767 1167 ab
814 1131 871 1167 eo
914 1114 1119 1170 dicatur
1160 1114 1435 1185 appellata,
1481 1115 1603 1184 quia
1643 1115 1723 1179 fit,
1769 1116 1908 1184 quod
1949 1115 2149 1168 dicitur.

191 1195 282 1248 ubi
311 1200 485 1248 autem
515 1196 594 1259 fit,
628 1197 768 1264 quod
800 1195 1006 1259 dicitur,
1036 1196 1320 1250 mentiendi
1352 1196 1533 1265 utique
1561 1211 1664 1250 non
1695 1201 1772 1250 est
1799 1196 1955 1250 locus,
1987 1196 2151 1249 fidelis

191 1277 350 1346 igitur
384 1277 711 1346 dispensator
745 1277 1010 1346 apostolus
1043 1276 1236 1330 Paulus
1272 1277 1452 1347 procul
1484 1278 1641 1331 dubio
1675 1277 1823 1331 nobis
1859 1278 2068 1331 exhibet
2098 1278 2152 1331 in

193 1359 460 1412 scribendo
508 1358 683 1422 fidem,
736 1359 860 1427 quia
906 1358 1143 1412 ueritatis
1191 1359 1517 1429 dispensator
1565 1365 1690 1423 erat,
1739 1375 1846 1412 non
1892 1359 2149 1412 falsitatis

192 1455 252 1493 ac
276 1455 369 1509 per
393 1440 491 1494 hoc
516 1456 697 1493 uerum
724 1440 928 1509 scripsit
953 1439 1143 1493 uidisse
1170 1457 1222 1494 se
1249 1442 1463 1494 Petrum
1489 1458 1594 1494 non
1619 1446 1757 1494 recte
1781 1441 2151 1510 ingredientem

191 1521 257 1574 ad
305 1521 581 1580 ueritatem
631 1521 879 1590 euangelii
929 1521 1076 1590 eique
1121 1521 1176 1575 in
1224 1515 1409 1576 faciem
1456 1523 1717 1587 restitisse,
1789 1523 1927 1591 quod
1974 1526 2152 1591 gentes

192 1607 393 1672 cogeret
430 1602 706 1657 iudaizare.
746 1603 858 1672 ipse
897 1619 1019 1656 uero
1058 1603 1258 1667 Petrus
1304 1605 1444 1673 quod
1485 1621 1516 1657 a
1554 1604 1715 1658 Paulo
1754 1605 1920 1658 fiebat
1957 1603 2153 1657 utiliter

189 1682 432 1736 libertate
467 1683 713 1748 caritatis,
752 1690 963 1737 sanctae
999 1700 1058 1737 ac
1092 1686 1577 1755 benignae-pietate
1611 1686 1919 1740 humilitatis
1954 1685 2154 1755 accepit

191 1770 350 1834 atque
382 1765 461 1818 ita
494 1766 660 1818 rarius
696 1770 748 1819 et
782 1766 1010 1818 sanctius
1045 1767 1339 1836 exemplum
1371 1768 1588 1836 posteris
1621 1768 1874 1837 praebuit,
1913 1784 2013 1836 quo
2045 1784 2150 1821 non

191 1846 608 1916 dedignarentur,
660 1847 823 1901 sicubi
868 1847 1001 1900 forte
1045 1849 1173 1900 recti
1218 1850 1483 1902 tramitem
1527 1849 1873 1919 reliquissent,
1916 1850 2074 1903 etiam
2119 1865 2156 1900 a·

190 1928 561 1997 posterioribus
605 1928 800 1998 corrigi,
846 1945 1004 1998 quam
1044 1928 1252 1994 PauluS,
1298 1948 1398 2000 quo
1439 1931 1662 1984 fidenter
1702 1933 1952 1985 auderent
1992 1930 2150 1985 etiam

189 2009 411 2063 minores
450 2009 734 2063 maioribus
777 2027 871 2079 pro
912 2010 1238 2065 defendenda
1278 2012 1571 2082 euangelica
1611 2013 1830 2066 ueritate
1869 2013 2012 2066 salua
2049 2011 2150 2064 fra-

26 2094 35 2107 ‘
131 2144 134 2148 ,
191 2096 341 2144 terna
379 2091 596 2144 caritate
632 2091 882 2146 resistere.
923 2109 1046 2146 nam
1087 2102 1205 2147 cum
1244 2094 1406 2146 satius
1445 2094 1513 2146 sit
1552 2111 1583 2146 a
1619 2097 1841 2149 tenendo
1877 2094 2060 2147 itinere
2094 2092 2148 2153 in

189 2172 330 2226 nullo
377 2189 536 2242 quam
578 2173 634 2226 in
682 2173 855 2242 aliquo
893 2173 1170 2238 declinare,
1216 2175 1383 2228 multo
1404 2241 1405 2245 ἵ
1430 2181 1508 2228 est
1550 2181 1727 2230 tamen
1769 2172 2053 2229 mirabilius
2098 2179 2150 2228 et

187 2253 496 2307 laudabilius
542 2253 761 2308 libenter
797 2255 1024 2324 accipere
1066 2257 1400 2326 corrigentem
1437 2274 1594 2326 quam
1630 2259 1873 2312 audacter
1908 2256 2150 2326 corrigere

191 2335 508 2389 deuiantem.
542 2335 655 2389 laus
687 2336 867 2406 itaque
897 2337 1065 2390 iustae
1097 2336 1353 2392 libertatis
1383 2338 1437 2392 in
1470 2339 1630 2392 Paulo
1664 2345 1715 2392 et
1746 2344 1953 2393 sanctae
1983 2337 2149 2392 humi-

189 2416 355 2470 litatis
395 2416 450 2471 in
493 2417 664 2481 Petr0,
710 2423 970 2486 quantum
1010 2419 1139 2471 mihi
1178 2436 1272 2489 pro
1314 2420 1525 2474 modulo
1566 2437 1681 2474 meo
1723 2422 1943 2484 uidetur,
1986 2419 2149 2490 magis

31 2475 61 2539 ⁹2·
153 2561 155 2563 ³
191 2498 365 2551 fuerat
405 2499 653 2552 aduersus
694 2499 1096 2554 calumniantem
1134 2500 1480 2571 Porphyrium
1519 2501 1853 2567 defendenda,
1895 2519 2052 2572 quam
2088 2505 2151 2554 ut

191 2579 236 2632 ei
270 2580 485 2633 daretur
519 2581 848 2634 obtrectandi
880 2581 1046 2635 maior
1080 2583 1292 2646 occasio,
1332 2600 1434 2652 qua
1464 2582 1631 2637 multo
1662 2584 1951 2637 mordacius
1985 2582 2148 2636 crimi—

190 2666 405 2715 naretur
442 2661 760 2716 Christianos
796 2661 1047 2717 fallaciter
1082 2662 1167 2716 uel
1201 2680 1318 2718 suas
1354 2664 1552 2718 litteras
1590 2665 1804 2718 scribere
1838 2664 1921 2719 uel
1954 2666 2037 2718 dei
2071 2663 2149 2718 sui

193 2748 520 2797 sacramenta
554 2748 775 2813 portare.

326 2825 403 2878 23.
442 2823 671 2894 Fla-gitas
721 2842 751 2878 a
784 2842 882 2890 me,
919 2831 981 2882 ut
1016 2826 1237 2896 aliquem
1273 2826 1455 2880 saltem
1490 2845 1650 2881 unum
1686 2830 1968 2892 ostendam,
2005 2828 2149 2882 cuius

342 2988 368 3030 4
391 2986 411 3028 I
433 2985 528 3030 Gor.
549 2987 590 3038 4,
614 2987 639 3029 2
728 2989 752 3032 7
772 2987 827 3032 cf.
856 2986 1003 3032 Cicero
1025 2988 1078 3031 de
1098 2987 1174 3031 off.
1200 2989 1220 3032 Ι
1242 2989 1293 3033 23
1370 2991 1423 3035 12
1443 2990 1498 3034 cf.
1526 2990 1619 3035 Gal.
1645 2992 1682 3040 2,
1707 2990 1771 3032 14.
1798 2991 1843 3034 11
1926 2990 1979 3033 29
1999 2991 2055 3033 cf.
2078 3004 2142 3048 ep.

198 3058 326 3103 CXII
346 3060 372 3104 6
390 3059 470 3103 fin.

258 3200 260 3202 ·
343 3178 364 3220 1
389 3176 577 3223 extimat
600 3177 641 3235 5,ss
756 3192 782 3221 a
805 3178 819 3223 i
910 3179 936 3223 3
957 3191 1072 3223 omn.
1095 3179 1247 3225 abesse
1263 3195 1287 3236 ς
1391 3181 1620 3226 mendacio
1644 3181 1685 3238 ³13
1786 3182 1812 3223 4
1834 3180 2003 3226 dictum
2023 3194 2101 3226 om.
2124 3187 2148 3237 5

192 3249 219 3294 5
236 3248 371 3307 inter]
389 3250 432 3295 in
460 3251 500 3308 ΣΒ
596 3253 621 3297 8
641 3251 853 3310 appellari
874 3252 915 3310 ‘B
1003 3253 1028 3297 9
1048 3252 1133 3310 est]
1154 3255 1194 3299 lo
1217 3257 1360 3313 (eras)
1381 3261 1403 3312 5
1496 3255 1546 3298 11
1567 3255 1732 3300 ueritas
1755 3261 1778 3311 5
1865 3255 1917 3299 12
1936 3268 1980 3299 se
1998 3269 2077 3300 om.
2101 3254 2143 3313 ΣΕ

194 3323 249 3368 15
269 3329 424 3371 sancta-
444 3339 494 3370 ac
516 3323 707 3382 benigna
730 3326 742 3370 ἰ
818 3327 871 3370 16
890 3324 973 3382 ita]
987 3332 1081 3372 tam
1102 3330 1117 3374 i
1194 3327 1245 3375 17
1265 3345 1291 3375 a
1312 3343 1388 3376 om.
1408 3329 1449 3387 ΣΒ
1528 3330 1581 3374 18
1598 3327 1751 3385 quam]
1771 3328 1889 3386 quod
1905 3334 1931 3385 1)
1987 3329 2144 3386 paulus

192 3397 273 3443 hoc
295 3398 385 3456 egit
407 3406 432 3455 t)
544 3413 633 3456 quo
655 3414 734 3445 om.
761 3399 802 3457 ΣΒ
925 3401 1200 3447 confidenter
1221 3402 1263 3459 ³13
1388 3402 1593 3448 audirent
1616 3403 1657 3459 ΣΒ
1752 3404 1804 3448 21
1824 3402 1965 3446 multo
1986 3402 2102 3447 enim
2122 3409 2146 3459 5

193 3471 246 3517 22
265 3473 493 3518 audaciter
515 3473 556 3531 ΣΒ
664 3474 716 3518 23
738 3478 804 3518 est
822 3473 919 3518 laus
934 3480 960 3531 ἵ)
1074 3477 1125 3520 24
1146 3481 1315 3533 quanto
1339 3477 1380 3533 {B
1400 3490 1515 3535 quae
1535 3482 1752 3534 quantum
1772 3491 1796 3531 ς
1903 3474 2021 3532 meo]
2039 3482 2146 3532 me5

194 3544 247 3591 25
268 3545 448 3606 Porph.]
467 3547 561 3592 add.
584 3547 750 3592 ueritas
769 3546 869 3604 mZt)
949 3549 1002 3595 26
1021 3556 1193 3607 quam5
1260 3550 1313 3598 27
1334 3539 1520 3608 x—pianas
1537 3551 1578 3608 ΣΒ
1600 3550 1684 3595 -nis
1704 3557 1726 3607 5
1792 3550 1862 3595 sui
1882 3550 1913 3607 (i
1930 3549 1980 3593 in
1998 3551 2102 3607 ras.)
2115 3556 2142 3606 t)

60 3658 66 3666 .
152 3606 172 3617 β
192 3633 273 3664 sua
294 3626 315 3678 ὅ
392 3622 449 3666 28
467 3624 659 3667 tractare
682 3621 724 3679 ³2ss
