2528 4186
410 349 478 402 58
1086 354 1294 399 Sancti
1331 352 1680 408 Hieronymi

399 515 460 567 de
484 513 828 565 amaritudine
851 511 1086 565 uenimus
1111 511 1178 563 ad
1201 510 1384 562 arietes
1409 513 1460 561 et
1481 507 1722 560 robustos
1745 507 1999 576 principes
2022 507 2201 576 gregiS,
2229 523 2356 576 quos

399 596 539 664 apud
569 594 806 647 Ezechiel
837 594 1074 646 dominus
1106 592 1458 644 iudicaturum
1490 606 1597 642 esse
1629 605 1681 641 se
1714 588 1856 652 dicit,
1893 589 2033 657 quod
2063 589 2151 642 alii
2180 605 2375 658 eorum,

398 676 810 729 conculcauerint
844 691 1004 742 aquas
1037 678 1089 725 et
1121 671 1496 741 conpresserint
1530 687 1666 734 oues,
1713 670 1800 722 alii
1828 669 1965 723 lenes
1998 674 2050 722 et
2080 670 2356 738 placabiles

397 758 604 810 fuerint.
635 758 696 809 de
724 757 800 809 his
830 760 881 808 et
908 754 1178 807 uicesimus
1208 758 1424 805 octauus
1448 751 1677 821 psalmus
1698 751 1951 819 loquitur:
1981 751 2228 804 adfert-e
2260 752 2356 804 do-

341 856 362 891 2
396 839 580 903 mino,
613 837 735 889 filii
774 837 884 900 dei,
928 836 1170 887 adferte
1200 834 1453 887 domino
1483 833 1654 885 filios
1683 832 1972 886 arietum.
2005 837 2182 886 sextae
2212 849 2357 886 man·
2391 848 2414 884 5

398 921 551 972 sionis
584 925 819 971 tenemus
852 917 1152 985 hospitium.
1199 932 1488 984 numquam
1520 915 1660 983 prius
1695 919 2028 967 occurrerunt
2058 914 2228 968 fontes
2259 930 2354 983 pu-

395 1001 595 1064 rissimi,
611 1001 708 1053 nisi
722 998 812 1051 ubi
823 1000 1189 1067 magistrorum
1206 998 1447 1050 doctrina·
1455 997 1762 1065 prorumpit.
1787 1013 1880 1050 nec
1894 996 2126 1060 dubium,
2153 996 2279 1065 quin
2291 996 2355 1048 de

397 1082 667 1135 duodecim
697 1080 942 1150 apostolis
971 1097 1135 1132 sermo
1166 1080 1250 1143 sit,
1293 1079 1355 1131 de
1386 1095 1607 1147 quorum
1634 1077 1867 1132 fontibus
1898 1078 2164 1131 deriuatae
2193 1094 2358 1146 aquae

342 1178 362 1213 3
396 1164 559 1215 totius
597 1163 779 1215 mundi
816 1162 1103 1214 siccitatem
1138 1161 1326 1229 rigant.
1365 1161 1518 1212 iuxta
1553 1160 1646 1213 has
1685 1177 1846 1229 aquas
1884 1159 2219 1229 septuaginta
2253 1175 2358 1212 cre-

395 1262 514 1297 uere
536 1243 754 1313 palmae,
800 1260 926 1312 quos
950 1247 1002 1295 et
1023 1243 1160 1312 ipsos
1185 1242 1397 1295 secundi
1419 1242 1609 1295 ordinis
1631 1241 1975 1310 intellegimus
1998 1245 2354 1310 praeceptores
2391 1254 2443 1291 10
2527 1230 2528 1244 ³

395 1326 536 1378 Luca
565 1325 882 1393 euangelista
906 1329 1138 1377 testante
1167 1324 1439 1376 duodecim
1467 1323 1623 1376 fuisse
1652 1323 1913 1393 apostolos
1942 1327 1995 1375 et
2023 1322 2360 1392 septuaginta

394 1407 667 1476 discipulos
694 1407 904 1460 minoris
931 1407 1135 1475 graduS,
1167 1422 1294 1474 quos
1323 1410 1374 1458 et
1398 1405 1545 1458 binos
1573 1409 1695 1458 ante
1722 1422 1774 1458 se
1797 1404 2035 1458 dominus
2056 1404 2357 1473 praemitte·
2435 1410 2437 1412 ’

395 1489 502 1541 bat.
537 1489 599 1541 de
631 1488 816 1557 quibus
849 1493 900 1540 et
930 1487 1122 1540 Paulus
1151 1488 1325 1552 refert,
1361 1487 1501 1556 quod
1530 1487 1832 1555 apparuerit
1863 1486 2101 1540 dominus
2131 1484 2358 1554 primum

395 1570 681 1634 duodecim,
711 1570 895 1622 deinde
922 1569 1167 1639 apostolis
1196 1569 1450 1633 omnibUS,
1480 1568 1604 1621 alios
1631 1568 1808 1622 uolens
1833 1567 2063 1636 intellegi
2086 1567 2279 1636 primos
2305 1570 2358 1620 et

395 1651 519 1704 alios
550 1652 798 1704 secundos
830 1651 1021 1704 Christi
1050 1651 1341 1721 discipulos,
1374 1650 1614 1703 bibamus
1636 1651 1699 1703 (16
1720 1650 1931 1702 1111111506
1953 1649 2096 1702 1110(11
2123 1648 2357 1702 fontibus
2394 1661 2444 1698 15

394 1738 445 1786 et
478 1733 649 1786 dulces
681 1732 882 1786 fructus
914 1733 1162 1786 uictoriae
1195 1733 1504 1792 deuorantes
1538 1732 1606 1784 ad
1635 1731 1927 1785 mansiones
1957 1731 2181 1800 reliquas
2211 1746 2358 1800 prae-

395 1832 653 1884 paremur.

461 1897 505 1950 9.
546 1895 955 1965 Profectique
993 1896 1063 1948 de
1101 1895 1308 1948 Helim
1346 1899 1554 1948 castra
1601 1893 1826 1948 metati
1876 1898 2028 1947 sunt
2077 1893 2152 1946 ad
2193 1893 2358 1951 Mare

397 1978 695 2030 Rubrum.

458 2060 597 2112 Mare
624 2059 876 2124 Rubrum,
905 2059 1044 2127 quod
1067 2058 1321 2111 Hebraice
1346 2058 1534 2111 dicitur
1561 2057 1682 2110 ‘iam
1706 2056 1873 2127 suph‘,
1899 2056 2124 2126 septima
2154 2055 2354 2109 mansio
2388 2069 2442 2108 20
2517 2072 2518 2076 ¹

393 2146 485 2193 est.
516 2146 567 2193 et
596 2141 874 2209 quaeritur,
905 2141 1164 2209 quomodo
1190 2146 1310 2210 post
1334 2140 1700 2194 transitionem
1724 2139 1879 2191 Maris
1908 2138 2072 2191 Rubri
2120 2142 2172 2191 et
2196 2137 2357 2192 fontis

392 2223 564 2274 Marae
601 2228 652 2275 et
684 2222 861 2275 Helim
894 2239 1100 2275 rursum
1137 2223 1204 2275 ad
1238 2222 1380 2275 Mare
1418 2221 1657 2274 Rubrum
1691 2220 1944 2285 uenerint,
2002 2219 2102 2273 nisi
2134 2219 2270 2272 forte
2303 2219 2359 2273 in

394 2304 576 2357 itinere
596 2303 927 2372 pergentibus
951 2305 1090 2357 sinus
1115 2304 1327 2373 quidam
1348 2304 1504 2356 maris
1526 2303 1818 2367 occurrerit,
1840 2302 1992 2354 iuxta
2013 2318 2168 2370 quem
2187 2304 2361 2354 castra

392 2386 579 2437 metati
598 2390 734 2438 sunt.
770 2385 910 2438 aliud
931 2390 1008 2438 est
1029 2385 1166 2439 enim
1183 2385 1405 2438 transire
1424 2402 1515 2454 per
1533 2401 1691 2448 mare,
1715 2384 1861 2443 aliud⁴
1874 2384 1928 2436 in
1946 2383 2182 2452 proximo
2201 2382 2358 2450 figere

338 2482 358 2518 2
394 2466 742 2519 tabernacula.
780 2485 843 2519 ex
877 2467 1062 2536 quibus
1095 2484 1366 2522 monemur
1398 2467 1558 2520 etiam
1589 2470 1708 2536 post
1741 2465 2094 2534 euangelicam
2137 2463 2359 2532 discipli·
2392 2477 2444 2515 25

509 2649 533 2691 2
563 2649 617 2691 cf.
647 2648 802 2692 Ezech.
836 2651 903 2701 34,
934 2651 1097 2694 17-31
1261 2652 1287 2694 4
1317 2651 1386 2694 Ρ5.
1419 2650 1486 2702 28,
1517 2650 1540 2693 1
1705 2649 1756 2693 11
1788 2648 1843 2691 cf.
1873 2648 1979 2692 Luc.
2010 2648 2135 2699 6,.13
2163 2649 2207 2690 et
2235 2647 2302 2699 10,
2333 2647 2354 2690 1

402 2724 455 2766 13
476 2722 529 2765 cf.
563 2722 583 2764 I
614 2722 707 2766 Cor.
741 2723 807 2775 15,
838 2723 947 2768 5-7
1064 2725 1117 2768 18
1148 2724 1307 2768 *Num
1339 2726 1408 2777 33,
1441 2725 1495 2768 10

509 2855 533 2896 2
554 2856 771 2900 ezechihel
790 2855 911 2912 Ωρο.
934 2857 1166 2901 hiezetihel
1186 2858 1231 2900 X
1250 2857 1509 2901 ezechielem
1525 2857 1606 2901 OB
1711 2855 1982 2900 iudicaturos
2000 2855 2036 2899 Ο
2140 2867 2186 2897 56
2206 2867 2298 2897 6556
2317 2851 2358 2898 Ω

396 2942 486 2971 6556
508 2929 749 2972 Xa.c.m2B
842 2932 868 2974 3
889 2933 1188 2975 conculcarint
1207 2930 1247 2975 Ω
1352 2933 1379 2975 4
1399 2931 1533 2988 uigeS.
1555 2929 1595 2975 Ω
1701 2929 1727 2973 5
1747 2933 1875 2974 sexta
1896 2929 1950 2973 W
1979 2951 1982 2953 v
2055 2929 2081 2972 6
2101 2927 2286 2985 purismi
2305 2927 2358 2971 W

397 3005 420 3046 7
444 3003 645 3059 prorupit
663 3004 699 3047 Ο
838 3005 891 3047 (16
915 3018 993 3048 om.
1021 3005 1073 3048 W
1212 3007 1238 3050 8
1261 3006 1350 3049 der.
1375 3004 1535 3062 aquae]
1559 3004 1762 3049 deriuata
1784 3017 1837 3047 ea
1859 3017 1944 3060 que
1969 3003 2008 3046 Β
2030 3003 2233 3049 deriuata
2253 3005 2359 3045 sunt

398 3090 449 3119 ea
475 3090 588 3132 quae
610 3078 646 3121 0
743 3077 960 3121 diriuatae
988 3078 1081 3123 ΠῘΩ
1172 3083 1256 3122 tot.
1284 3093 1426 3136 aquae
1455 3079 1508 3123 W
1621 3079 1647 3122 9
1671 3079 1753 3122 1165
1779 3077 1966 3122 s.l.m2X
2078 3078 2312 3121 creuerunt
2333 3089 2359 3130 ς

400 3151 451 3193 10
466 3150 527 3206 ct]
543 3151 598 3194 ad
614 3151 667 3194 W
758 3151 940 3208 intellig.
958 3153 1089 3196 WOB
1184 3155 1234 3197 11
1249 3155 1369 3197 lucas
1380 3154 1460 3197 OB
1472 3155 1595 3198 lucta
1606 3152 1806 3197 Xa.e.m2
1900 3150 2114 3208 testante]
2127 3150 2301 3194 dicente
2313 3147 2354 3194 Ω

395 3224 459 3266 ait
467 3225 516 3275 O,
531 3238 609 3268 om.
629 3225 667 3267 Β
725 3226 778 3268 12
789 3226 977 3269 minores
992 3227 1044 3269 W
1101 3228 1217 3270 dom.
1235 3231 1338 3271 ante
1351 3241 1396 3271 se
1408 3226 1484 3272 ΩΟ
1542 3228 1596 3271 13
1608 3227 1749 3284 primo
1761 3225 1802 3271 Ω
1882 3226 1935 3270 14
1949 3225 2017 3269 ΧΙ
2029 3223 2070 3269 Ω
2125 3223 2357 3269 11011111,οΒ

398 3297 449 3339 15
471 3298 597 3341 11111115
616 3300 651 3343 O
710 3300 763 3342 16
785 3300 889 3345 uict.
913 3314 991 3343 om.
1014 3299 1054 3344 Ω
1137 3302 1189 3345 18
1210 3302 1358 3357 helym
1375 3302 1411 3346 Ο
1431 3301 1520 3346 11611
1541 3301 1580 3344 Β
1600 3301 1718 3345 Elim
1739 3316 1766 3356 ς
1837 3301 1889 3344 20
1909 3301 2032 3345 Mare
2054 3298 2192 3343 Rubr.
2215 3311 2294 3343 om.
2316 3295 2357 3343 Ω

400 3372 545 3427 supph
574 3373 612 3414 Β
636 3386 716 3429 sup
745 3373 796 3416 W
947 3375 997 3417 21
1024 3378 1070 3417 et
1094 3388 1172 3418 om.
1196 3375 1276 3418 OB
1426 3376 1697 3419 transionem
1719 3374 1992 3427 WO,XBa.c.
2145 3372 2289 3416 fontes
2312 3371 2358 3416 X

402 3445 454 3486 22
474 3459 592 3499 mare
613 3445 652 3488 Ω
671 3460 790 3489 mare
811 3450 881 3490 cet.
903 3449 1028 3491 Mara
1049 3463 1072 3502 ς
1142 3452 1187 3491 et
1206 3449 1339 3493 helim
1359 3449 1408 3494 in
1427 3463 1507 3506 my.
1530 3450 1589 3501 X,
1611 3463 1690 3493 om.
1712 3447 1753 3493 Ω
1821 3449 1924 3493 elim
1946 3447 1986 3490 B
2054 3447 2107 3491 23
2126 3445 2291 3489 itenere
2311 3445 2356 3488 X

398 3518 574 3572 quidem
598 3519 649 3561 W
743 3522 931 3564 occurrit
951 3520 1034 3564 ΩΒ
1141 3524 1193 3566 24
1211 3523 1302 3565 sint
1318 3524 1445 3578 Xp.r.
1553 3523 1669 3567 enim
1687 3526 1755 3566 est
1768 3523 1804 3567 Ο
1899 3520 2106 3566 transsire
2126 3519 2178 3564 W
2194 3518 2359 3575 passim

403 3604 480 3647 per
498 3605 575 3634 om.
593 3593 672 3635 OB
785 3593 837 3636 25
858 3599 1062 3638 monetur
1085 3595 1124 3637 Β
1142 3610 1372 3639 mouemur
1393 3597 1446 3640 W
