2528 4186
754 391 1034 448 Epistula
1065 390 1260 437 XCVIII
1290 394 1426 437 9-12
1961 380 2056 435 195

74 547 79 574 ⁵
110 552 328 617 peccata
363 545 601 610 dimittit,
643 546 824 600 statim
862 545 1191 615 baptizatum
1229 545 1293 599 de
1333 547 1556 615 corporis
1595 548 1811 602 uinculis
1852 549 2063 615 soluere,

20 689 22 696 ¹
113 644 245 698 quae
268 632 482 697 propter
506 632 724 696 peccata
746 627 800 680 in
827 627 1257 682 condemnatione
1282 628 1484 696 peccati
1507 628 1651 682 facta
1677 636 2062 685 commemorat.

18 697 23 785 ζ
111 709 200 764 sed
223 713 277 763 et
296 708 724 764 resurrectionem
747 725 1020 778 corporum
1041 707 1237 762 frustra
1258 708 1543 779 pollicetur,
1570 710 1613 763 si
1636 710 1847 779 expedit
1871 712 2066 765 anima-

19 827 32 855 „
64 834 70 843 ,
111 790 206 845 bus
236 789 431 860 absque
459 789 720 860 grauitate
753 806 1025 860 corporum
1055 789 1122 843 ad
1152 790 1352 844 caelum
1381 790 1669 845 subuolare.
1720 791 1828 860 ipse
1861 808 2066 861 quoque

18 863 32 909 ¹³
66 874 69 878 '
109 887 376 942 resurgens
410 883 616 925 carnem
649 889 797 926 suam
830 871 1077 925 suscitare
1109 888 1215 925 non
1246 871 1444 937 debuit,
1481 873 1570 926 sed
1603 873 1766 926 solam
1798 873 2064 927 diuinitati

72 946 76 955 ’
111 951 339 1007 animam
371 951 627 1021 copulare,
661 953 703 1007 si
733 953 914 1007 melius
948 959 1027 1007 est
1058 952 1254 1023 absque
1287 954 1584 1022 corporibus
1619 971 1777 1024 quam
1808 971 1928 1009 cum
1959 973 2068 1010 cor-

16 1027 29 1107 ss'
66 1044 80 1091 ς’
109 1034 320 1104 poribus
355 1033 547 1088 uiuere.

66 1155 71 1172 2
242 1116 319 1169 11.
364 1115 500 1178 Quid
532 1114 631 1168 sibi
664 1121 841 1170 autem
874 1115 990 1169 uult
1013 1117 1199 1170 ,crebro
1235 1115 1432 1170 animas
1467 1121 1520 1170 et
1552 1116 1735 1170 uinciri
1768 1118 2067 1187 corporibus

64 1235 67 1258 2
109 1201 164 1250 et
191 1196 258 1250 ab
288 1196 358 1251 eis
388 1197 557 1250 diuidi
578 1197 873 1266 praedicare
904 1202 958 1251 et
984 1197 1177 1253 multas
1206 1197 1353 1252 nobis
1382 1198 1568 1253 inferre
1597 1199 1830 1254 mortes?
1860 1200 2067 1269 ignorat

59 1278 92 1352 'f
110 1277 373 1332 Christum
410 1278 600 1332 idcirco
640 1278 856 1344 uenisse,
898 1295 1004 1332 non
1043 1284 1104 1332 ut
1142 1284 1264 1349 post
1301 1280 1728 1334 resurrectionem
1770 1281 2068 1350 corporibus

16 1353 42 1436 5]
109 1359 308 1414 animas
337 1359 560 1414 solueret
587 1365 681 1413 aut
708 1360 951 1414 liberatas
978 1377 1154 1419 rursus
1184 1360 1296 1414 aliis
1326 1362 1624 1430 corporibus
1653 1361 1892 1415 indueret
1921 1368 1974 1415 et
2002 1362 2066 1416 de

15 1427 45 1506 {i
67 1468 69 1470 -
109 1440 368 1494 caelorum
401 1441 696 1511 regionibus
733 1442 1102 1499 descendentes
1140 1443 1388 1512 sanguine
1426 1448 1481 1496 et
1517 1460 1668 1497 carne
1705 1443 1936 1519 uestiret,
1976 1443 2066 1502 sed

19 1540 34 1566 ε’
107 1526 170 1575 ut
210 1522 368 1576 semel
409 1539 624 1592 corpora
663 1523 915 1576 suscitata
954 1524 1338 1594 incorruptione
1381 1529 1434 1577 et
1476 1524 1786 1580 aeternitate
1827 1525 2062 1578 donaret.

17 1599 37 1671 ἐξ
107 1602 243 1662 sicut
273 1604 412 1657 enim
443 1603 674 1658 Christus
706 1609 943 1658 mortuus
974 1604 1114 1660 ultra
1144 1623 1248 1659 non
1277 1606 1497 1659 moritur
1528 1623 1623 1660 nec
1652 1623 1792 1661 mors
1823 1606 1870 1660 ei
1900 1605 2064 1660 domi·
2099 1624 2120 1660 2

108 1689 280 1749 natur,
319 1684 396 1738 ita
430 1701 526 1739 nec
562 1701 777 1754 corpora
812 1686 1064 1740 suscitata
1099 1692 1220 1756 post
1254 1688 1683 1751 resurrectionem
1720 1688 1944 1742 secundo
1983 1687 2068 1741 uel

57 1817 59 1821 .
105 1765 403 1835 frequenter
419 1766 684 1820 intereunt
701 1784 795 1820 nec
813 1784 949 1822 mors
970 1768 1040 1820 eis
1059 1767 1198 1821 ultra
1215 1768 1570 1823 dominabitur
1589 1786 1755 1839 neque
1775 1769 1829 1822 in
1846 1769 2067 1824 nihilum

104 1845 441 1912 resoluentur‚
474 1848 595 1918 quia
623 1853 798 1903 totum
823 1849 1088 1903 hominem
1116 1849 1304 1903 Christi
1333 1849 1559 1904 saluauit
1588 1853 1869 1906 aduentus,

44 1931 49 1947 “
80 1995 81 2000 ¹
239 1929 318 1983 12.
353 1928 453 1983 Sed
481 1935 535 1983 et
562 1928 689 1983 illud
719 1947 750 1983 a
778 1929 1124 1985 sollemnitate
1154 1930 1342 1985 Christi
1366 1931 1638 2002 Origenem
1666 1931 1893 1986 alienum
1921 1932 2063 1997 facit,

67 2026 73 2046 ·‘
109 2010 248 2079 quod
274 2010 611 2081 principatus
640 2017 945 2080 potestateS‚
974 1998 1324 2078 fortitudineS‚
1355 2012 1571 2067 thronos
1600 2030 1660 2068 ac
1686 2014 2067 2067 dominationes

15 2084 16 2123 ³
83 2103 212 2145 {non
241 2091 306 2145 ab
332 2091 480 2147 initio
506 2093 560 2145 in
585 2093 685 2145 hoc
711 2094 948 2147 conditas
973 2094 1146 2159 refert,
1178 2095 1267 2149 sed
1293 2100 1413 2164 post
1440 2096 1756 2150 creationem
1783 2095 1863 2149 sui
1889 2095 2114 2164 aliqua

19 2191 47 2239 '51
67 2172 79 2233 ἶ
104 2172 299 2227 honore
330 2173 488 2243 digna
515 2173 695 2229 fecisse
726 2180 780 2229 et
811 2175 922 2229 aliis
954 2175 1034 2229 sui
1064 2176 1315 2230 similibus
1346 2182 1559 2246 propter
1588 2176 1967 2248 neglegentiam
1998 2174 2065 2230 ad

62 2254 73 2298 Ϊ
110 2253 351 2308 inferiora
393 2254 616 2324 delapsis
650 2257 745 2310 has
784 2256 972 2310 inclitis
1020 2257 1314 2311 nominibus
1355 2258 1658 2327 appellatas,
1713 2264 1879 2312 1113-
1919 2258 2072 2313 iuxta

18 2339 26 2386 ἕ
78 2340 80 2342 ’
107 2351 332 2389 errorem
356 2336 463 2390 eius
495 2370 570 2376 -—
601 2354 706 2391 non
727 2355 813 2392 eas
850 2338 1139 2392 condiderit
1171 2339 1297 2393 deus
1331 2340 1653 2409 principatus
1689 2345 1743 2394 et
1776 2345 2066 2410 potestates

107 2420 178 2470 ct‘
225 2416 440 2487 reliqua,
521 2418 611 2472 sed
698 2418 916 2473 aliorum
987 2426 1206 2490 peccata
1286 2419 1385 2475 illis
1459 2422 1733 2475 materiam
1788 2421 2068 2475 tribuerint

14 2492 24 2556 '.
72 2495 399 2568 vgloriarum.
436 2504 490 2553 et
529 2501 788 2570 quomodo
829 2501 1020 2555 Paulus
1073 2501 1338 2571 apostolus
1398 2502 1600 2556 scribit:
1650 2503 1722 2559 in
1751 2502 2064 2577 Christo
2098 2518 2120 2555 2

20 2575 401 2657 'creata
430 2586 609 2636 sunt
658 2583 905 2636 omnia
956 2583 1028 2637 in
1081 2583 1329 2637 caelis
1375 2584 1542 2638 etin
1597 2590 1826 2649 terra,
1890 2583 2066 2638 uisi-

109 2658 307 2715 bilia
349 2666 423 2715 et
472 2662 949 2728 inuisibilia,
1005 2664 1168 2719 siue
1220 2665 1490 2719 throni
1523 2666 1687 2720 siue
1737 2665 2066 2743 domina-

14 2725 368 2837 {tiones
419 2743 582 2798 siue
640 2745 1146 2838 principatus
1197 2746 1361 2802 siue
1412 2752 1886 2817 potestates,
1940 2740 2066 2801 om-

15 2822 232 2914 'Qnia
278 2840 410 2893 per
459 2824 678 2880 illum
713 2831 788 2880 et
818 2826 891 2880 in
929 2826 1072 2881 illo
1114 2834 1381 2883 creata
1422 2834 1601 2883 sunt
1641 2834 1713 2883 et
1745 2828 1912 2899 ipse
1948 2834 2065 2882 est

105 2918 193 2958 an
213 2910 238 2958 t
257 2922 284 2958 e
319 2922 347 2959 0
367 2922 421 2959 111
441 2906 514 2959 ni
535 2907 603 2961 a?
640 2907 682 2962 si
714 2907 1035 3013 intellegeret
1061 2909 1169 2963 uim
1197 2909 1342 2963 uerbi
1376 2941 1441 2948 -—
1477 2909 1584 2980 per
1619 2911 1806 2981 quem&
1856 2910 2061 2973 dicitur,

21 2992 76 3031 ³
96 2983 394 3040 ‘creata
460 2993 637 3041 sunt
694 2989 956 3043 01111113ι
1012 3023 1100 3055 —‚
1151 2996 1329 3045 nosset
1378 2991 1443 3044 ab
1492 2992 1640 3045 initio
1689 2991 1768 3046 ita
1815 3010 1898 3047 eas
1951 3009 2068 3045 con-

19 3042 85 3159 l*
105 3063 242 3122 ditas
261 3073 319 3123 et
338 3085 442 3121 non
463 3068 683 3123 aliorum
703 3071 990 3124 socordiam
1012 3071 1099 3124 et
1085 3089 1138 3124 1n
1158 3071 1401 3126 inferiora
1419 3073 1720 3142 prolapsum
1742 3074 2063 3126 occasionem

29 1560 66 1663 ..s-242
53 1518 58 1528 -
56 1499 57 1502 „

209 3198 264 3258 14
284 3214 338 3260 01.»
363 3214 491 3260 Rom.
515 3216 552 3269 e,
577 3215 603 3260 9
717 3216 768 3260 25
793 3216 908 3262 *001
934 3218 1156 3272 1,1c—17

35 3364 49 3395 q
100 3367 106 3370 ,
207 3323 234 3366 2
253 3325 707 3382 condempnationeV
822 3329 849 3372 4
867 3327 1006 3372 leuius
1029 3329 1263 3374 subuolare
1283 3330 1363 3374 TV
1469 3331 1496 3375 9
1512 3330 1686 3387 ignorat
1708 3331 1746 3387 (t
1757 3330 1858 3386 s.l.)
1884 3331 1923 3374 U
1944 3329 2067 3387 igno·

18 3397 50 3458 ’.ξ
88 3407 206 3442 ⁴raus
222 3397 303 3442 TV
351 3399 406 3444 14
417 3400 629 3444 morietur
642 3401 681 3444 V
730 3400 1032 3446 dominabitur
1046 3403 1085 3447 V
1147 3402 1199 3446 16
1211 3403 1434 3448 intereant
1450 3405 1490 3449 U
1542 3417 1684 3461 neque
1697 3405 1812 3448 enim
1827 3404 1866 3447 V
1916 3405 1965 3448 17
1979 3403 2064 3448 sal-

38 3487 41 3490 ⁴
59 3486 84 3537 js
106 3468 234 3516 nabit
247 3485 273 3527 ς
311 3473 364 3517 19
376 3476 424 3517 et
440 3477 602 3530 potest.
615 3475 656 3519 V
693 3473 764 3532 ac]
779 3478 822 3519 et
841 3476 880 3519 T
923 3476 977 3522 20
988 3476 1205 3521 rationem
1218 3478 1259 3522 V
1295 3478 1445 3534 aliqua
1457 3477 1525 3521 sui
1543 3479 1645 3522 Uin
1655 3491 1734 3536 my
1751 3477 1830 3533 inf.
1871 3476 2023 3535 aliquo
2038 3492 2063 3533 ς

38 3539 92 3605 γ’
104 3541 156 3588 21
178 3543 330 3603 dignas
350 3546 490 3592 factas
503 3562 529 3603 ς
610 3547 694 3606 sui]
713 3549 804 3594 suis
823 3550 903 3595 TV
985 3551 1039 3594 22
1058 3550 1242 3608 dilapsis
1258 3552 1339 3596 TV
1413 3551 1589 3608 inclytis
1607 3552 1646 3595 T
1723 3552 1776 3596 24
1796 3551 2027 3597 materiem
2042 3566 2067 3607 ς

105 3604 419 3674 2ἕροῡθςίῑαῒιιε
433 3621 530 3678 (sic)
540 3621 635 3666 siue
646 3622 921 3680 principatus
938 3625 1019 3670 Ua.
1023 3638 1056 3669 c.
1126 3626 1178 3670 30
1193 3638 1328 3682 quam
1342 3625 1382 3669 V
1396 3626 1513 3682 quod
1532 3626 1574 3670 U
1639 3625 1690 3669 31
1706 3628 1856 3670 nosset
1866 3625 2024 3684 utique
2037 3640 2062 3681 ς

1891 3714 1970 3758 13*
