2528 4186
402 303 499 356 168
1094 313 1298 360 Sancti
1329 312 1677 369 Hieronymi

400 472 601 524 minum
633 470 857 523 crebrius
889 468 1124 534 moritur,
1160 471 1300 539 quod
1334 469 1576 537 Origenes
1609 484 1764 521 ausus
1797 472 1875 520 est
1907 462 2125 521 scribere
2160 468 2357 522 Stoico-

399 569 515 605 rum
556 552 901 621 inpiissimum
944 552 1134 620 dogma
1175 551 1470 604 diuinarum
1513 549 1723 618 cupiens
1765 549 2138 618 scripturarum
2180 555 2356 603 aucto-

399 634 556 687 ritate
590 633 811 686 firmare.
1308 700 1313 704 Ι

533 715 610 768 10.
668 715 864 768 Uerum
907 713 1033 782 quid
1074 713 1178 769 ista
1219 727 1581 775 memoramuS,
1628 727 1747 764 cum
1787 711 1842 763 in
1883 715 2092 764 tantam
2134 712 2358 781 eruperit
2514 777 2517 788 ¹

399 797 709 860 uecordiam,
743 797 904 849 immo
945 794 1276 857 dementiam,
1319 798 1380 845 ut
1417 792 1561 845 aliud
1599 791 1848 845 saluatori
1887 793 2079 846 crimen
2116 793 2355 862 inpingat
2414 809 2442 845 ‘5

400 878 573 931 dicens
597 894 715 930 eum
739 882 791 930 et
814 893 905 946 pro
930 874 1268 928 daemonibus
1292 891 1353 926 ac
1375 873 1692 942 spiritalibus
1716 873 1961 942 nequitiis
1984 874 2125 943 apud
2147 890 2356 943 superos
2515 867 2517 893 ³

399 957 736 1028 adfigendum
757 956 933 1011 cruci?
960 973 1054 1010 nec
1074 955 1341 1024 intellegit,
1357 956 1412 1007 in
1434 971 1593 1024 quam
1612 954 1930 1023 profundum
1949 955 2216 1025 inpietatis
2241 971 2359 1009 con-

400 1045 519 1092 ruat
543 1040 861 1093 barathrum.
889 1038 932 1091 si
955 1038 1092 1090 enim
1116 1037 1347 1091 Christus
1370 1052 1462 1105 pro
1486 1035 1782 1089 hominibus
1804 1053 1986 1105 passus
2007 1038 2163 1090 homo
2187 1036 2358 1091 factus

401 1126 494 1185 est,
537 1126 597 1174 ut
634 1122 1007 1189 scripturarum
1045 1123 1310 1172 testantur
1349 1117 1567 1186 eloquia,
1609 1133 1926 1187 consequens
1965 1119 2078 1183 erit,
2118 1123 2180 1171 ut
2218 1118 2359 1173 dicat
2516 1186 2517 1190 Ἰ

399 1202 665 1270 Origenes:
714 1202 781 1255 ‘et
819 1217 911 1269 pro
950 1199 1289 1253 daemonibus
1317 1215 1562 1268 passurus
1600 1200 1822 1253 daemon
1858 1199 2066 1253 futurus
2104 1199 2215 1253 est‘.
2256 1199 2354 1253 hoc
2393 1213 2475 1270 io¹

400 1284 537 1336 enim
569 1283 874 1336 necessitate
906 1286 1116 1351 cogetur
1146 1286 1208 1334 ut
1236 1280 1444 1346 inferat,
1476 1297 1542 1334 ne
1573 1281 1640 1334 ab
1673 1298 1747 1345 e0,
1783 1275 1924 1349 quod
1955 1281 2140 1350 coepit,
2174 1281 2360 1334 discre-
2516 1280 2517 1283 ’

400 1381 522 1433 pare
552 1365 791 1417 uideatur
822 1368 874 1416 et
904 1368 964 1416 ut
993 1363 1230 1415 imitetur
1259 1362 1604 1431 blasphemias
1638 1362 1965 1427 Iudaeorum,
1999 1378 2129 1432 quos
2157 1377 2360 1431 semper

398 1446 657 1509 imitatur3
682 1450 734 1498 et
753 1444 828 1497 illi
849 1445 985 1498 enim
1008 1444 1208 1499 Christo
1231 1443 1467 1497 similiter
1486 1444 1857 1514 loquebantur:
1880 1443 1915 1496 d
1934 1461 1967 1498 a
1987 1461 2014 1497 e
2033 1461 2088 1497 m
2109 1460 2138 1497 o
2158 1443 2285 1496 niu
2305 1459 2360 1496 m

400 1527 630 1580 habes
677 1532 751 1579 et:
797 1526 870 1578 in
916 1525 1304 1590 Belzebul,
1362 1526 1722 1595 principe
1766 1525 2357 1589 daemoniorum,

402 1625 427 1660 e
446 1608 464 1659 i
485 1624 511 1660 c
530 1608 548 1659 i
568 1624 590 1660 s
611 1609 668 1662 'd
687 1625 720 1660 a
741 1624 767 1659 e
787 1624 840 1659 m
861 1623 889 1660 o
911 1624 946 1659 n
966 1607 984 1659 i
1004 1624 1048 1660 a.
1083 1607 1174 1661 sed
1206 1607 1359 1671 absit,
1393 1611 1454 1660 ut
1484 1623 1576 1676 pro
1609 1606 1948 1660 daemonibus
1981 1607 2212 1661 Christus
2241 1622 2359 1675 pas—
2395 1619 2445 1658 15

399 1704 545 1764 surus
577 1689 660 1754 sit,
693 1705 757 1741 ne
790 1693 841 1741 et
871 1688 980 1757 ipse
1012 1689 1234 1742 daemon
1264 1689 1376 1742 fiat.
1413 1694 1465 1744 et
1497 1689 1587 1759 qui
1616 1689 1714 1741 hoc
1746 1689 1978 1753 credunt,
2011 1704 2216 1742 rursum
2247 1703 2359 1741 cru-

399 1770 616 1839 cifigunt
653 1775 705 1823 et
742 1772 971 1823 ostentui
1004 1771 1202 1823 habent
1237 1770 1407 1823 filium
1442 1771 1541 1835 dei,
1581 1770 1670 1839 qui
1705 1786 2052 1839 nequaquam,
2091 1774 2152 1823 ut
2185 1786 2361 1823 semen

400 1852 664 1906 Abraham
712 1852 1070 1921 adprehendit,
1119 1852 1211 1905 ita·
1244 1852 1484 1905 adsumet
1531 1856 1585 1904 et
1632 1852 1961 1916 daemonum,
2010 1867 2075 1904 ne
2121 1867 2214 1920 pro
2260 1850 2360 1903 illis

398 1950 605 2002 quoque
643 1933 989 2002 crucifigatur.
1032 1950 1125 1986 nec
1163 1934 1439 1986 daemones
1477 1949 1570 2002 pro
1606 1949 1661 1986 se
1699 1934 1855 1986 deum
1890 1934 1946 1987 in
1981 1933 2227 2002 passionev
2256 1947 2360 1985 cer-

399 2020 579 2068 nentes
603 2032 721 2068 cum
742 2015 998 2084 propheta
1021 2015 1347 2068 clamabunt:
1371 2015 1406 2066 h
1426 2015 1444 2067 i
1464 2032 1491 2067 c
1531 2031 1565 2084 p
1587 2031 1614 2067 e
1635 2031 1662 2067 c
1683 2031 1710 2067 c
1731 2032 1762 2068 a
1781 2020 1805 2067 t
1827 2032 1859 2068 a
1897 2031 1934 2067 n
1954 2031 1983 2067 o
2005 2031 2028 2067 s
2048 2019 2072 2067 t
2092 2030 2119 2066 r
2138 2031 2170 2067 a
2209 2030 2244 2082 p
2265 2029 2295 2067 o
2314 2029 2362 2066 r-
2394 2026 2449 2064 2⁰
2516 2059 2519 2079 ,

400 2097 612 2150 tauit
670 2102 739 2149 et
795 2113 924 2165 pro
994 2096 1216 2150 nobis
1279 2095 1493 2149 dolet
1550 2111 1717 2164 neque
1776 2103 1907 2149 cum'
1951 2095 2108 2149 Esaia
2163 2095 2360 2148 dicent:

2514 919 2517 951 1

2494 1018 2518 1039 c

2480 1041 2518 1111 ἒ

2515 1126 2519 1181 ΐ

2515 1192 2519 1269 ’ἓ

399 2178 651 2231 liuore
702 2178 864 2230 eius
925 2178 1191 2231 sanati
1246 2194 1496 2231 sumus
1553 2194 1648 2231 nec
1703 2193 1796 2246 pro
1847 2176 2185 2230 daemonibus
2228 2176 2362 2230 sicut

398 2275 491 2328 pro
522 2259 791 2312 hominum
820 2275 1003 2328 genere
1035 2260 1184 2328 quasi
1215 2259 1325 2312 ouis
1357 2259 1591 2313 Christus
1621 2259 1841 2312 ducetur
1871 2260 1938 2312 ad
1969 2258 2240 2311 uictimam
2268 2273 2362 2311 nec

398 2357 491 2409 pro
527 2357 703 2394 eorum
737 2340 903 2394 salute
938 2341 1161 2394 dicetur:
1197 2341 1515 2409 proprio
1558 2340 1740 2393 filio
1793 2357 1935 2393 non
1986 2338 2360 2409 pepercit,
2516 2386 2519 2406 .-

400 2422 525 2490 quia
556 2438 650 2474 nec
683 2423 957 2475 daemones
993 2421 1711 2475 clamabuntttraditus
1764 2427 1879 2475 est
1930 2438 2059 2490 pro
2111 2437 2363 2490 pecca·
2395 2426 2475 2472 25

399 2503 505 2555 tis
567 2504 864 2556 nostris
928 2509 998 2556 et
1059 2504 1503 2557 resurrexit
1563 2520 1694 2572 pro
1755 2502 2364 2556 iustificatione
2515 2496 2518 2513 '

518 2679 568 2723 13
584 2679 675 2722 Ioh.
689 2681 727 2731 7,
744 2680 809 2723 20.
824 2681 862 2733 8,
878 2681 943 2724 48.
956 2680 1013 2725 52
1122 2682 1175 2724 14
1191 2680 1324 2725 *Luc.
1339 2680 1406 2732 11,
1421 2680 1473 2724 15
1572 2679 1626 2723 16
1641 2679 1694 2724 cf.
1710 2680 1846 2725 Hebr.
1859 2680 1903 2732 6,
1916 2679 1943 2724 6
2020 2679 2074 2723 20
2089 2672 2235 2723 *EsaL
2251 2677 2320 2731 53,
2333 2680 2360 2722 4

403 2754 459 2797 22
479 2752 598 2797 Esai.
620 2754 688 2805 53,
706 2754 732 2797 5
848 2755 900 2798 23
921 2755 975 2799 cf.
997 2754 1118 2799 Esai.
1140 2755 1207 2807 53,
1227 2756 1251 2798 7
1366 2756 1420 2799 24
1440 2754 1595 2800 *Rom.
1616 2755 1658 2807 8,
1676 2755 1730 2799 32
1844 2754 1896 2799 25
1921 2753 2077 2798 *Rom.
2098 2755 2140 2806 4,
2162 2752 2214 2798 25

519 2887 540 2930 1
562 2886 780 2930 moriatur
800 2884 880 2930 TV
961 2887 1150 2945 origenis
1171 2888 1210 2931 T
1297 2889 1323 2932 3
1343 2887 1568 2932 affirmare
1588 2885 1628 2929 V
1715 2890 1743 2932 4
1763 2885 1871 2945 ista]
1890 2886 1958 2931 ita
1976 2901 2007 2931 u
2091 2885 2302 2943 irruperit
2320 2881 2360 2926 V

402 2960 432 3005 5
453 2960 690 3004 uictoriam
711 2975 736 3014 ς
860 2960 1034 3004 saluato
1056 2959 1096 3002 V
1227 2962 1484 3020 impinguat
1503 2959 1544 3003 V
1666 2963 1694 3008 6
1714 2975 1792 3019 pro
1812 2975 1892 3007 om.
1915 2958 1956 3003 V
2079 2960 2148 3018 ac]
2170 2962 2215 3004 et
2232 2973 2311 3018 pro
2330 2973 2361 3004 u

399 3034 431 3078 8
450 3035 679 3078 baratrum
703 3031 818 3078 UVu
885 3047 999 3090 pass.
1021 3049 1099 3091 pro
1120 3035 1238 3081 hom.
1266 3037 1337 3081 Uu
1405 3037 1432 3080 9
1452 3035 1554 3093 erit]
1574 3040 1642 3081 est
1660 3050 1691 3079 u
1759 3037 1814 3081 10
1832 3035 2021 3093 origenis
2039 3035 2079 3079 T
2098 3046 2299 3091 orrgenes
2320 3031 2361 3076 V

403 3112 476 3151 est
495 3121 548 3150 ecc
567 3111 662 3152 erat
685 3109 726 3153 U
837 3108 921 3153 hac
939 3107 1133 3164 Tp.c.m2
1260 3111 1310 3154 11
1333 3111 1506 3167 cogitur
1531 3111 1572 3155 U
1572 3125 1602 3154 u
1724 3113 1778 3154 ut
1794 3109 1895 3168 int]
1913 3109 2074 3154 inferre
2093 3123 2119 3164 ς
2242 3109 2296 3153 12
2315 3112 2361 3152 et

408 3186 686 3239 ut—semper
704 3196 749 3235 u,
771 3196 851 3227 om.
873 3186 946 3227 cet.
1043 3187 1091 3227 et
1109 3198 1190 3228 om.
1214 3198 1239 3238 ς
1344 3186 1395 3229 13
1412 3184 1617 3229 imitator
1634 3185 1675 3229 T
1693 3183 2054 3242 imit(exp.)tator
2069 3183 2301 3228 iudeorum
2320 3179 2361 3223 V

408 3256 608 3300 imitatus
628 3255 780 3301 iudeos
806 3257 847 3300 U
934 3258 981 3300 et
999 3270 1078 3301 om.
1102 3255 1142 3298 V
1233 3257 1365 3302 simil.
1387 3272 1470 3304 om.
1491 3256 1532 3300 V
1611 3261 1665 3304 14
1684 3258 1878 3316 belze(ex
1893 3258 2008 3316 i)bul
2024 3258 2064 3302 Τ
2083 3256 2296 3303 belzebub
2319 3257 2360 3302 U

412 3330 650 3376 beelzebub
671 3328 743 3375 Vu
849 3332 903 3376 18
920 3331 1168 3375 habraham
1188 3331 1227 3375 T
1323 3331 1579 3376 demonium
1598 3347 1628 3376 u
1722 3331 1796 3391 ne]
1815 3335 1871 3377 ut
1889 3347 1914 3390 ς
2009 3333 2062 3377 19
2082 3331 2313 3377 (1011111111111
2331 3343 2361 3374 u

406 3404 462 3447 20
483 3404 738 3449 clamabant
757 3403 797 3446 V
926 3406 975 3451 21
1001 3418 1133 3462 esaya
1157 3406 1198 3450 U
1199 3418 1229 3448 u
1250 3405 1366 3449 eseia
1385 3404 1472 3462 (m2
1492 3407 1623 3463 isaia)
1642 3407 1681 3452 T
1699 3407 1813 3451 isaia
1832 3406 1874 3450 V
1986 3407 2038 3452 23
2057 3418 2210 3464 genere
2229 3414 2310 3451 om.
2330 3418 2361 3448 u

406 3478 461 3519 24
480 3478 517 3520 si
535 3479 710 3535 proprio
723 3492 753 3521 u
810 3492 907 3535 pep.
930 3479 1036 3524 deus
1050 3493 1079 3522 u
1137 3479 1190 3524 25
1212 3479 1467 3525 clamabant
1479 3479 1519 3522 V
1539 3481 1878 3537 proclamabunt
1900 3482 1941 3527 U
1997 3481 2051 3526 26
2070 3479 2263 3525 surrexit
2277 3481 2319 3525 U
2322 3477 2362 3522 V

405 3555 588 3606 propter
607 3552 977 3597 iustificationem
999 3557 1199 3598 nostram
1221 3552 1262 3595 V
