2528 4186
696 368 973 424 Epistula
1005 367 1125 412 xcv
1156 368 1383 413 1—xcvl
1416 371 1436 411 1
1952 354 2048 412 159

969 523 1163 576 XCVI.
1658 552 1661 554 v

229 636 575 690 EPISTULA
613 633 671 689 S.
720 633 1112 714 THEOPHILI
1155 633 1475 687 EPISCOPI
1519 632 1918 717 PASCHALIS.

239 750 282 805 1,.
322 747 582 805 Christum
611 746 797 809 Iesum,
826 745 1095 798 dominum
1118 743 1323 812 gloriae,
1352 744 1536 797 fratres
1563 743 1824 808 carissimi,
1852 760 2055 797 rursum

99 845 325 884 consona
377 844 502 882 uoce
543 827 811 880 laudemus
855 831 907 879 et
960 825 1149 883 alacres
1205 824 1533 878 adhortantis
1573 825 1856 894 prophetae
1899 825 2057 877 uerba

44 927 66 963 5
102 909 414 978 conplenteS‚
463 909 552 977 qui
595 908 744 961 dicit:
792 911 1111 963 cantate
1174 906 1474 959 domino
1537 906 1885 974 hymnum
1947 923 2055 958 no—

100 1009 135 1045 u
154 1009 189 1044 u
209 1008 280 1055 m,
325 994 585 1058 quotquot
628 988 752 1042 fidei
794 988 1120 1057 perducentis
1166 988 1232 1040 ad
1275 1003 1432 1056 regna
1476 986 1734 1041 caelorum
1777 987 2053 1056 participes

103 1088 296 1136 sumus⁹
333 1076 541 1124 sanctae
575 1070 934 1124 sollemnitatis
969 1069 1307 1137 suscipiamus
1342 1069 1628 1121 aduentum
1663 1073 1714 1122 et
1746 1069 2056 1121 inminentes

103 1154 254 1207 ferias
292 1153 456 1206 totius
494 1151 765 1205 nobiscum
806 1150 940 1203 orbis
980 1150 1268 1203 festiuitate
1308 1148 1620 1203 celebremus
1660 1150 1917 1203 clamante
1956 1166 2058 1203 uno

103 1235 168 1289 de
232 1233 576 1302 sapientibus:
644 1233 834 1297 ueni,
903 1232 1205 1284 comede
1269 1231 1341 1283 in
1405 1231 1735 1285 laetitia
1799 1248 2086 1300 panem,

19 1331 71 1368 ιο
106 1321 315 1369 tuum
362 1320 432 1368 et
478 1314 653 1368 bibe
709 1315 781 1367 in
838 1314 1065 1368 corde
1104 1313 1295 1369 bono
1347 1313 1600 1366 uinum
1645 1318 1868 1378 tuum,
1901 1329 2062 1381 quo-

105 1397 302 1450 niam
357 1396 829 1466 placuerunt
884 1395 1016 1447 deo
1076 1410 1303 1463 opera
1356 1399 1501 1447 tua.
1564 1395 1652 1463 qui
1708 1395 1845 1447 enim
1901 1394 2059 1446 bono-
2094 1409 2116 1444 2

106 1495 222 1531 rum
249 1493 461 1547 operum
486 1482 607 1532 sunt
634 1481 684 1529 et
709 1476 843 1530 lacte
867 1475 1118 1529 infantiae
1143 1475 1387 1528 derelicto
1411 1475 1662 1529 solidioris
1689 1476 1790 1528 cibi
1815 1475 2063 1528 alimenta

107 1559 410 1628 suscipiunt,
442 1558 644 1611 diuinos
675 1573 852 1610 sensus
882 1558 1036 1611 altius
1066 1557 1338 1609 intuentur
1366 1562 1418 1609 et
1448 1557 1671 1610 saturati
1700 1556 1918 1626 spiritali
1948 1556 2062 1609 cibo

0 1693 2 1712 ὲ
106 1640 430 1695 laudatorem
478 1644 529 1693 et
575 1644 764 1696 testem
812 1639 952 1692 uitae
999 1655 1120 1691 suae
1163 1637 1359 1700 habent
1401 1638 1571 1691 deum.
1617 1639 1682 1691 ad
1729 1638 1877 1691 istius
1923 1638 2065 1690 modi

0 1714 2 1846 l
25 1733 73 1774 1⁵
109 1722 355 1775 conuiuas
382 1720 717 1775 Ecclesiastes
744 1719 996 1788 loquitur:
1027 1736 1054 1771 o
1075 1735 1129 1770 m
1149 1719 1222 1771 ni
1258 1724 1282 1771 t
1304 1735 1330 1770 e
1350 1736 1404 1770 m
1423 1735 1457 1787 p
1481 1736 1509 1773 o
1530 1736 1556 1771 r
1576 1736 1602 1772 e
1647 1719 1760 1772 sin
1781 1725 1806 1772 t
1838 1737 1871 1772 u
1893 1735 1918 1772 e
1940 1735 1961 1771 s
1982 1723 2006 1771 t
2025 1719 2065 1771 i-

107 1807 361 1856 menta
423 1807 557 1855 tua
621 1801 953 1854 candida
1019 1805 1088 1852 et
1155 1800 1396 1853 oleum
1462 1801 1544 1853 de
1610 1800 1875 1869 capite
1935 1805 2066 1852 tuo
2133 1810 2137 1813 ’

108 1901 143 1937 11
165 1900 194 1937 o
214 1901 249 1936 n
285 1884 321 1936 d
341 1883 640 1947 eficiat,
678 1888 738 1936 ut
774 1883 1031 1936 uirtutum
1067 1886 1212 1934 ueste
1247 1881 1553 1934 circumdati
1587 1881 1911 1950 splendorem
1946 1881 2063 1933 solis

108 1965 381 2021 imitentur
414 1970 466 2017 et
500 1963 762 2017 cotidiana
795 1964 1013 2016 lectione
1047 1968 1345 2016 sanctarum
1380 1963 1752 2031 scripturarum
1784 1963 2065 2015 infundant

112 2046 282 2100 oleum
306 2046 479 2114 sensui
502 2062 595 2099 suo
623 2050 674 2098 et
695 2049 880 2115 parent
900 2044 1088 2098 mentis
1110 2043 1387 2108 lucernam,
1413 2061 1544 2113 quae
1564 2044 1715 2098 iuxta
1734 2049 2068 2113 praeceptum
2100 2094 2101 2097 ,

25 2142 79 2181 20
115 2127 367 2196 euangelii
423 2127 684 2180 luceat
743 2126 1106 2190 omnibus
1167 2126 1292 2194 qui
1347 2125 1418 2178 in
1476 2126 1684 2179 domo
1743 2131 1933 2178 sunt.
2015 2118 2017 2121 ”

225 2304 253 2347 5
274 2303 371 2348 *Ps.
394 2303 488 2354 149,
510 2303 532 2346 1
558 2307 640 2346 etc.
726 2303 752 2345 9
774 2301 942 2346 *Eccle
965 2303 1004 2354 9,
1028 2304 1051 2345 7
1134 2303 1186 2345 12
1209 2301 1263 2346 cf.
1286 2303 1421 2347 Hebr.
1443 2302 1483 2355 5,
1508 2303 1673 2346 13—14
1744 2302 1794 2345 15
1814 2301 1956 2346 Eccle.
1978 2302 2019 2353 9,
2040 2302 2066 2344 8
2527 2351 2528 2355 ¹

120 2378 175 2420 20
194 2376 358 2422 Matth.
377 2377 417 2428 54
442 2377 492 2420 15
2526 2371 2528 2438 ξ

401 2524 439 2567 Τ
476 2545 519 2559 =
600 2524 792 2568 ari-sinus
812 2523 885 2568 lat.
906 2521 1015 2568 2172
1039 2537 1071 2567 s.
1094 2523 1152 2567 X.

399 2598 439 2642 U
477 2619 519 2633 =
561 2598 793 2642 Parisinus
824 2597 896 2642 lat.
930 2598 1068 2643 16897
1099 2612 1131 2641 s.
1165 2595 1279 2641 XII.

403 2671 441 2713 V
478 2693 521 2707 -—-
562 2672 793 2717 Parisinus
824 2671 897 2716 lat.
930 2669 1042 2717 2173
1073 2686 1106 2716 s.
1141 2671 1282 2717 XIII.

415 2760 444 2789 u
481 2767 523 2781 =
560 2737 870 2790 Ambrosianus
900 2746 958 2790 H.
993 2747 1059 2790 59.
1094 2759 1189 2801 sup.
1224 2760 1256 2790 S.
1291 2745 1432 2791 XIII.

123 2864 314 2920 epistula
343 2853 407 2908 s—ci
436 2864 608 2932 the—of-ili
637 2853 711 2921 *ep—i
736 2865 922 2920 pascalis
953 2864 1145 2909 secunda
1164 2865 1202 2908 T
1233 2853 1337 2922 {ilas
1366 2864 1559 2910 secunda
1589 2864 1783 2909 eiusdem
1807 2863 1870 2929 ‚ad
1896 2863 2070 2907 eosdem

124 2937 179 2982 'de
207 2937 363 2981 eodem
397 2938 438 2982 U
470 2938 567 2995 epla
594 2937 788 2982 eiusdem
830 2939 1049 2995 paschalis
1091 2938 1149 2982 ad
1181 2939 1320 2983 totius
1363 2938 1500 2995 engti
1533 2952 1634 2995 epos
1670 2937 1708 2979 V
1753 2937 1967 2994 theophili
1999 2936 2070 2994 epi

126 3011 411 3055 alexandrine
442 3011 659 3068 paschalis
689 3000 793 3069 ᾗῇ
819 3026 862 3057 u.
892 3013 1019 3057 Hanc
1058 3014 1284 3069 epistulam
1322 3010 1559 3069 paschalem
1598 3028 1681 3057 non
1723 3013 1961 3062 secundam,
2002 3011 2074 3054 sed

129 3084 313 3141 primam
353 3098 439 3128 esse
477 3089 579 3129 recte
617 3087 825 3130 contendit
857 3085 1098 3132 Vallarsius

242 3234 268 3276 4
281 3232 484 3276 alacriter
497 3247 522 3287 ς
616 3233 864 3276 adortantis
882 3234 923 3278 U
941 3233 1228 3278 adhortantes
1249 3235 1287 3278 T
1307 3234 1541 3278 adorantes
1562 3247 1612 3284 u;
1632 3234 1726 3276 add.
1743 3235 1786 3274 et
1801 3247 1825 3286 ς
1928 3232 1954 3274 6
1967 3230 2074 3275 fidei

130 3319 210 3349 om.
226 3319 256 3348 u
313 3307 599 3362 perducentes
612 3320 641 3350 u
698 3308 722 3351 7
736 3306 1065 3352 et—nobiscum
1079 3306 1202 3351 om.V
1241 3307 1466 3351 imitentes
1479 3321 1508 3349 u
1527 3306 1806 3349 imminentia
1821 3321 1844 3360 ς
1884 3306 1909 3348 8
1926 3303 2074 3360 ferias]

137 3379 250 3423 festa
272 3393 296 3433 ς
393 3379 514 3423 urbis
534 3377 769 3426 Ta.c.m2U
877 3374 1125 3426 festiuitate
1139 3380 1177 3423 V
1279 3383 1328 3425 11
1353 3381 1712 3437 complacuerunt
1733 3394 1757 3434 ς
1840 3378 2018 3422 domino
2035 3377 2074 3419 V

134 3453 186 3495 12
205 3452 412 3497 solidiora
427 3452 466 3495 V
543 3455 700 3498 alimen
710 3457 756 3498 ta
777 3454 864 3499 cibi
883 3469 913 3498 u
990 3457 1040 3499 14
1063 3455 1289 3499 dominum
1310 3469 1340 3497 a
1416 3455 1472 3498 ad
1492 3454 1530 3497 T
1550 3458 1596 3497 et
1614 3452 1672 3497 ad
1692 3457 1763 3496 cet.
1846 3452 2026 3497 huiusce
2045 3466 2075 3494 u

98 3555 102 3561 ·
135 3526 186 3575 17
207 3526 383 3571 deficiet
400 3541 430 3570 u
513 3527 784 3572 circumdata
807 3529 926 3573 Ua.c.
1017 3530 1070 3574 18
1087 3529 1313 3573 imitemur
1334 3543 1357 3582 ς
1442 3528 1590 3583 script.
1612 3531 1751 3571 sanct.
1773 3540 1802 3568 u
1891 3526 2077 3583 quisque

134 3599 342 3644 infundat
363 3615 387 3654 ς
507 3603 559 3645 19
577 3615 705 3646 sensu
725 3616 755 3645 u
868 3607 994 3658 paret
1015 3618 1039 3657 ς
