2528 4186
395 305 494 357 152
1089 315 1296 361 Sancti
1325 315 1668 372 Hieronymi

397 472 714 548 permiserim
747 471 901 541 inpiis
936 471 1168 540 Origenis
1203 469 1535 539 dogmatibus
1568 468 1743 539 pollui.
1801 485 1827 522 e
1864 460 2051 539 quibus
2085 474 2147 524 ut
2181 475 2353 526 cetera·

398 553 829 623 praetermittam,
854 553 909 605 in
931 552 1073 605 libris
1099 551 1521 615 ResurrectioniS,
1548 566 1677 619 quos
1701 550 1906 619 scripsit
1929 551 1997 604 ad
2020 542 2356 606 Ambrosium

388 634 725 690 dialecticum
775 650 971 687 morem
1020 633 1232 687 imitans
1295 631 1611 701 disputandi,
1670 631 1725 684 in
1778 648 1880 701 quo
1929 632 2248 689 sciscitatus
2274 631 2386 688 est'

388 721 558 785 -atque
600 716 877 785 responsiO,
918 715 1045 768 artis
1086 714 1318 783 magicae
1360 713 1688 782 praedicator
1728 712 1808 765 his
1852 713 2022 766 uerbis
2067 719 2169 767 est:
2233 732 2266 768 a
2283 730 2352 779 rs

399 797 690 867 magica
759 813 899 849 non
968 795 1152 849 mihi
1221 794 1541 847 uidetur
1609 793 1951 848 alicuius
2020 795 2131 848 rei
2199 790 2356 870 sub-

399 878 774 931 sistentis
810 875 1285 941 uocabulum,
1323 875 1449 928 sed
1497 879 1584 939 et,
1622 874 1684 928 si
1717 875 1838 940 sit,
1875 888 2355 946 nequaquam

401 964 516 1012 est
574 959 830 1028 operis
878 957 1058 1010 mali
1113 973 1245 1010 nec
1303 956 1499 1025 quod
1555 955 1828 1009 haberi
1883 957 2141 1026 possit
2197 953 2353 1012 con-

337 1056 365 1092 ·2
400 1046 425 1093 t
445 1057 472 1093 0
491 1057 545 1092 111
564 1057 598 1109 p
619 1046 643 1092 t
664 1058 697 1092 u
717 1040 749 1093 i.
793 1056 925 1108 quae
947 1039 1120 1091 dicens
1140 1037 1407 1108 perspicue
1429 1037 1640 1091 domino
1663 1038 1989 1104 contradicit,
2014 1039 2102 1108 qui
2123 1038 2356 1109 loquitur

399 1137 491 1190 per
518 1122 850 1190 prophetam:
901 1125 1020 1173 sta
1067 1136 1260 1173 nunc
1306 1119 1380 1171 in
1425 1118 2127 1176 incantationibus
2174 1120 2352 1185 tuis

399 1203 471 1255 in
534 1202 803 1255 multis
867 1199 1294 1255 ueneficiis
1349 1200 1526 1265 tuis,
1575 1217 1764 1270 quae
1828 1201 2204 1255 didicisti
2265 1202 2352 1255 ab

401 1283 946 1337 adolescentia
1011 1286 1158 1347 tua,
1235 1281 1298 1335 si
1369 1281 1684 1351 possint
1755 1281 1912 1335 tibi
1965 1280 2352 1352 prode-sse.

400 1364 793 1420 laborasti
851 1364 923 1416 in
990 1363 1359 1420 consiliis
1425 1363 1610 1427 tuis3
1679 1368 1895 1416 stent
1960 1361 2357 1434 astrologi

402 1445 600 1498 caeli
638 1450 708 1498 et
747 1444 1040 1498 saluum
1077 1449 1150 1498 te
1188 1444 1511 1510 faciant,
1546 1444 1674 1514 qui
1712 1445 2356 1520 contemplantur

399 1527 672 1591 sidera,
721 1527 1093 1579 nuntient
1147 1525 1316 1590 tibi,
1372 1526 1553 1595 quid
1617 1542 1844 1596 super
1888 1531 1960 1580 te
2007 1525 2356 1580 futurum

344 1623 365 1658 3
400 1625 423 1661 s
442 1608 460 1659 i
478 1613 517 1661 t
572 1612 838 1676 praeterea
862 1607 917 1660 in
948 1607 1091 1660 libris
1113 1608 1243 1675 περὶ
1265 1606 1456 1675 ἀρχῶν
1479 1607 1638 1660 etiam
1669 1607 1768 1661 hoc
1788 1608 2095 1678 persuadere
2118 1613 2352 1674 conatur,

401 1690 540 1770 quod
560 1689 741 1742 uiuens
763 1689 846 1742 dei
869 1705 1035 1743 sermo
1056 1705 1161 1742 non
1181 1689 1528 1759 adsumpserit
1550 1705 1732 1780 corpus
1754 1689 2058 1755 humanum,
2090 1694 2142 1743 et
2171 1694 2353 1758 contra

399 1758 623 1839 apostoli
645 1771 842 1824 uadens
870 1771 1183 1824 sententiam
1207 1770 1426 1839 scripsit,
1459 1771 1615 1840 quod,
1643 1771 1733 1840 qui
1751 1771 1806 1824 in
1829 1771 1997 1824 forma
2020 1771 2102 1824 dei
2127 1755 2356 1862 aequalis

359 1857 512 1905 erat
538 1853 649 1917 (100,
689 1869 795 1905 11011
821 1852 977 1905 fuerit
1003 1852 1222 1906 uerbum
1249 1852 1346 1917 dei,
1387 1852 1477 1905 sed
1515 1852 1690 1906 anima
1716 1853 1781 1905 de
1808 1852 2016 1906 caelesti
2040 1852 2244 1922 regione
2271 1853 2357 1906 de·
2366 1879 2368 1881 ·

400 1934 645 1986 scendens
682 1939 733 1986 et
768 1950 822 1986 se
856 1934 920 1986 de
947 1933 1116 1987 forma
1157 1938 1396 1987 aeternae
1435 1933 1724 1987 maiestatis
1767 1950 2026 1987 euacuans
2066 1934 2356 1988 humanum

402 2031 584 2084 eor-pus
624 2015 983 2084 adsumpserit.
1045 2031 1179 2084 quae
1216 2015 1389 2093 dicens
1429 2015 1650 2068 Iohanni
1688 2016 2009 2084 apertissime
2047 2012 2367 2069 contradicit-

402 2096 669 2149 seribenti:
709 2101 780 2149 et
816 2097 1128 2149 uerbum
1165 2112 1338 2150 caro
1375 2096 1669 2150 factum
1707 2102 1959 2150 estnec
1983 2102 2158 2167 potest
2183 2097 2360 2151 anima

402 2178 538 2230 credi
572 2177 843 2231 saluatoris
880 2183 932 2231 et
966 2195 1071 2231 non
1106 2178 1232 2231 deus
1278 2178 1497 2232 uerbum
1532 2183 1585 2232 et
1618 2178 1841 2232 formam
1888 2183 1940 2232 et
1986 2178 2360 2248 aequalitatem·

344 2274 367 2309 4
401 2264 647 2328 paternae
670 2259 958 2312 maiestatis
982 2259 1238 2313 habuisse.
1283 2259 1339 2312 in
1363 2259 1489 2313 alias
1515 2275 1722 2329 quoque
1745 2260 2023 2329 inpietates
2048 2260 2358 2314 furibundus

403 2340 605 2393 exultat
639 2340 816 2394 uolens
853 2358 988 2405 eum,
1038 2341 1127 2410 qui
1160 2341 1216 2393 in
1252 2342 1698 2395 consummatione
1733 2342 2056 2395 saeculorum
2092 2346 2145 2395 et
2180 2341 2236 2395 in
2272 2341 2361 2395 de—

402 2422 684 2474 structione
735 2423 935 2490 peccati
985 2422 1143 2475 semel
1192 2439 1374 2492 passus
1427 2428 1519 2488 est,
1575 2423 1844 2476 dominum
1895 2420 2132 2477 nostrum
2185 2421 2359 2476 Iesum

406 2503 665 2556 Christum
707 2519 800 2572 pro
831 2503 1172 2557 daemonibus
1204 2521 1412 2575 quoque
1444 2510 1497 2557 et
1511 2502 1845 2574 spiritalibus
1877 2505 2122 2583 nequitiis
2156 2511 2364 2575 crucem>

405 2583 682 2652 aliquando
719 2601 1006 2653 passurum.
1065 2585 1159 2638 nec
1205 2586 1445 2638 meminit
1479 2584 1631 2639 Pauli
1679 2586 1972 2639 scribentis:
2031 2586 2050 2638 i
2069 2603 2104 2639 11
2124 2603 2159 2656 p
2182 2588 2210 2639 0
2231 2602 2255 2639 s
2276 2585 2361 2639 si*

404 2664 560 2718 bile
603 2671 717 2718 est
761 2682 897 2731 eos,
927 2667 1052 2735 qui
1094 2666 1326 2720 semel
1366 2672 1545 2722 sunt
1587 2666 2065 2732 inluminati,
2109 2672 2363 2737 gusta-·

406 2751 685 2799 uerunt
744 2747 975 2800 etiam
1045 2749 1315 2801 donum
1378 2748 1725 2802 caeleste
1786 2747 1857 2803 et
1914 2746 2361 2818 participes·

406 2827 1196 2897 suntfactispiritus
1237 2826 2360 2900 san'ct'i‚gustaueruntnihilo

405 2908 649 2961 minus
686 2908 955 2961 bonum
994 2911 1113 2962 dei
1161 2911 1471 2964 uerbum
1509 2912 2020 2981 uirtutesque
2057 2910 2362 2967 saeculi>

519 3064 545 3106 4
566 3061 681 3118 Orig.
703 3062 757 3106 de
777 3067 1003 3107 resurrect.
1026 3064 1180 3120 fragm.
1350 3066 1377 3109 9
1398 3065 1544 3111 *Esai.
1564 3068 1631 3118 47,
1654 3067 1819 3111 12—13
1988 3067 2038 3110 17
2059 3064 2115 3111 cf.
2136 3064 2248 3111 Phil.
2269 3067 2310 3118 2,
2329 3063 2362 3108 63

411 3138 459 3180 21
485 3136 578 3181 Ioh.
603 3139 641 3189 l,
663 3137 715 3181 14
829 3138 878 3181 27
902 3137 1063 3181 *Hebr.
1085 3139 1125 3190 6,
1144 3139 1255 3183 4-6

521 3257 546 3298 2
567 3268 674 3312 quos
695 3255 797 3311 (non
819 3245 960 3313 quod)
979 3270 1010 3299 u
1143 3258 1169 3301 3
1190 3256 1444 3301 dialeticum
1464 3273 1494 3302 u
1623 3257 1871 3303 sciscitatus
1892 3257 2051 3314 scripsi
2067 3257 2305 3308 suscitatus
2326 3271 2357 3300 u

410 3328 646 3372 sciscitatio
670 3328 782 3374 Van.
841 3330 867 3374 6
886 3329 1151 3374 uocabulum
1173 3328 1286 3376 Vall.
1305 3333 1466 3376 —bulo
1486 3346 1516 3376 u
1584 3333 1610 3376 9
1630 3332 1958 3378 incantionibus
1977 3346 2084 3376 ua.e.
2156 3333 2208 3377 10
2229 3319 2358 3376 bene-

409 3401 513 3443 fitiis
528 3416 556 3444 u
615 3404 667 3446 13
679 3405 848 3448 saluam
861 3416 891 3447 u
948 3404 1236 3462 contemplati
1246 3409 1351 3449 sunt
1365 3404 1478 3451 Vall.
1538 3408 1589 3450 14
1603 3407 1825 3451 facturum
1838 3420 1946 3451 ua.c.
1999 3407 2052 3450 15
2066 3393 2314 3450 PAROON
2326 3419 2356 3467 u

414 3474 545 3518 etiam
566 3490 595 3518 u
616 3481 659 3519 et
674 3475 784 3521 Vall.
956 3479 1008 3523 16
1032 3478 1286 3523 assumserit
1308 3493 1338 3523 u
1507 3481 1561 3524 19
1580 3480 1681 3524 sede
1701 3492 1731 3524 u
1901 3478 1957 3525 22
1974 3479 2079 3524 deus
2096 3477 2209 3524 Vall.
2231 3468 2308 3523 dffi
2326 3493 2357 3523 u

413 3549 467 3590 24
488 3550 717 3603 ex<s)ultat
732 3550 842 3595 Vall.
859 3552 1028 3597 exaltat
1046 3565 1075 3595 u
1160 3554 1213 3596 26
1232 3542 1427 3608 s—palibus
1448 3567 1478 3596 u
1502 3543 1716 3610 spiritual.
1733 3554 1847 3599 Van.
1898 3577 1901 3579 “
1927 3555 1980 3599 29
2000 3553 2152 3610 etiam]
2175 3557 2220 3598 et
2239 3540 2362 3598 Van?

2388 1210 2442 1255 10
2514 1189 2516 1223 ³

2391 1623 2442 1662 15

2389 2001 2518 2075 20}

2390 2427 2479 2490 225⁴*ssv
2516 2481 2518 2483 ,
