2528 4186
413 292 509 342 150
1102 298 1686 356 SanctiHieronymi

403 475 583 527 quas
625 488 692 493 —
731 455 1220 525 spiritalium
1262 462 1502 523 typus>
1535 486 1603 492 -—
1640 455 1988 509 immolat
2031 458 2352 523 Israhel,

400 540 598 592 fumo
646 536 1187 607 thymiamatis
1219 535 1610 588 delectati
1639 537 2167 592 uersabantur
2201 556 2366 608 pro-.

400 637 482 689 pe
543 619 837 672 altaria
896 623 966 670 et
1024 617 1347 670 huiusce
1407 617 1605 670 modi
1664 617 2084 672 alebantur
2142 620 2357 675 cibis,

344 715 368 752 4
403 701 516 770 quis
537 718 641 753 non
662 706 813 770 putet
836 717 952 751 eum
974 693 1103 751 nihil
1122 698 1260 751 ultra
1280 698 1511 750 inuenire
1531 699 1777 767 potuisse,
1801 699 1855 751 in
1878 716 1980 768 quo
2001 717 2146 753 mens
2167 718 2361 756 uesana
2478 763 2494 775 „
2518 763 2520 772 Σ

401 783 696 835 corrueret?
766 780 1158 850 praescientiam
1209 796 1414 848 quoque
1462 779 1773 844 futurorum,
1826 797 1958 849 quae
2006 781 2102 835 soli
2148 783 2369 838 domino.
2422 801 2444 836 5
2492 783 2521 839 ’.

400 870 528 917 nota
556 869 648 926 est,
680 863 944 916 stellarum
971 861 1200 914 motibus
1228 861 1429 925 tribuit,
1460 866 1520 914 ut
1548 878 1613 914 ex
1640 878 1817 915 earum
1845 879 1996 915 cursu
2025 868 2076 916 et
2104 864 2359 919 uarietate
2492 858 2496 861 ⁵

399 946 682 998 formarum
715 945 989 996 daemones
1022 942 1201 996 futura
1233 948 1545 1011 cognoscant
1579 948 1630 995 et
1663 943 1747 996 uel
1778 949 1937 1012 agan-t
1969 943 2146 1013 aliqua
2177 945 2261 999 uel
2292 946 2358 1000 ab

398 1026 476 1079 his
510 1027 709 1094 agenda
740 1025 1069 1078 demandent.
1126 1041 1189 1075 ex
1221 1041 1324 1092 quo
1355 1024 1684 1093 perspicuum
1717 1030 1795 1077 est
1827 1041 1946 1078 eum
1976 1025 2273 1080 idolatriam
2306 1033 2358 1081 et

401 1107 732 1176 astrologiam
795 1112 846 1158 et
913 1105 1081 1158 uarias
1152 1105 1475 1158 ethnicorum
1569 1106 1949 1159 fraudulentiae
2023 1107 2358 1162 diuinationis
2491 1162 2498 1169 ,

397 1189 699 1257 praestigias
737 1187 1037 1255 adprobare.
1280 1220 1283 1222 -
2397 1205 2450 1245 10*
2518 1197 2520 1256 ξ

532 1272 578 1323 3.
608 1270 750 1322 Haec
777 1274 828 1321 et
852 1269 1063 1322 huiusce
1087 1268 1230 1320 modi
1254 1268 1350 1321 sub
1375 1267 1584 1322 nomine
1607 1268 1982 1322 monachorum
2009 1269 2222 1338 quidam
2246 1287 2388 1324 sen--⁴

396 1350 583 1403 tientes
631 1357 681 1403 et
726 1351 966 1403 docentes
1011 1350 1065 1401 in
1107 1349 1434 1402 monasteriis
1479 1350 1838 1414 uersabantur,
1885 1367 2106 1420 cumque
2149 1351 2358 1422 indigne

397 1432 588 1484 ferrent
633 1436 896 1484 auctorem
940 1431 1080 1485 tanti
1121 1431 1249 1484 mali
1292 1449 1410 1484 cum
1455 1449 1547 1485 suo
1592 1448 1759 1484 errore
1803 1432 2056 1498 damnari,
2105 1434 2358 1502 quosdam

397 1514 572 1582 inopes
618 1519 668 1566 et
712 1530 884 1567 seruos
928 1530 1018 1583 spe
1059 1513 1209 1581 gulae
1251 1513 1554 1568 sollicitatos
1598 1530 1691 1567 suo
1734 1513 1955 1567 iunxere·
1989 1515 2264 1569 comitatui
2305 1521 2369 1568 et·

396 1595 536 1647 facto
558 1611 718 1647 cuneo
740 1595 942 1648 sedenti
958 1594 1089 1647 mihi
1108 1595 1451 1649 Alexandriae
1471 1596 1580 1649 uim
1599 1596 1766 1648 facere
1787 1596 1963 1650 conati
1981 1602 2103 1650 sunt
2123 1596 2355 1652 uolentes
2394 1610 2448 1653 1⁵
2501 1600 2504 1601 ⁷

399 1693 610 1729 causam
665 1676 864 1741 Isidori,
919 1693 1078 1745 quam
1118 1694 1211 1730 nos
1253 1683 1466 1746 propter
1505 1677 1870 1731 uerecundiam
1911 1683 1963 1731 et
2004 1677 2244 1731 ecclesiae
2283 1679 2360 1731 di-

394 1753 664 1826 sciplinam
696 1758 1052 1827 episcoporum
1079 1758 1269 1811 iudicio
1302 1759 1652 1823 seruabamus,
1687 1759 1913 1827 proferre
1948 1759 2009 1812 in*
2037 1758 2269 1813 medium
2306 1766 2358 1813 et

395 1839 604 1893 auribus
645 1839 969 1893 ethnicorum
1007 1839 1151 1893 dictu
1190 1842 1436 1909 pudenda
1471 1840 1716 1910 ingerere,
1757 1845 1817 1893 ut
1855 1841 2041 1894 seditio
2082 1847 2134 1894 et
2171 1841 2358 1896 turbae

397 1926 576 1974 contra
605 1921 870 1975 ecclesiam
897 1921 1257 1985 miscerentur;
1289 1939 1510 1992 quorum
1539 1922 1751 1975 consilia
1778 1922 2038 1982 destruxit
2066 1923 2193 1976 deus
2222 1922 2357 1976 sicut
2516 1987 2518 1994 y

338 2015 361 2052 2
396 2003 666 2056 Achitofel.
729 2003 909 2056 omnis·
934 2008 1111 2057 autem
1150 2009 1366 2057 conatus
1407 2021 1583 2058 eorum
1621 2003 1705 2056 hic
1744 2009 1870 2068 erat,
1912 2009 1972 2057 ut
2010 2004 2108 2058 sub
2146 2004 2355 2059 nomine
2391 2020 2444 2062 2⁹

397 2085 579 2137 Isidori
604 2085 834 2138 heresem
861 2084 1212 2148 defenderent,
1257 2086 1346 2155 qui
1380 2103 1415 2139 a
1439 2085 1619 2139 multis
1647 2085 1906 2154 vepiscopis
1942 2090 2156 2155 propter
2183 2086 2353 2140 uarias
2483 2096 2490 2106 ³
2518 2098 2519 2102 ’

393 2183 572 2219 causas
604 2184 636 2219 a
667 2166 1027 2220 communione
1059 2171 1358 2220 sanctorum
1389 2168 1559 2221 fuerat
1591 2172 1876 2236 separatus,
1931 2167 2142 2222 interim
2171 2167 2369 2221 mulier

393 2254 447 2300 et
469 2248 606 2301 filius
631 2248 736 2301 eius
761 2247 1054 2302 adolescens
1078 2249 1144 2301 ab
1167 2249 1246 2302 his
1269 2249 1575 2318 producitur
1595 2249 1650 2301 in
1671 2249 1903 2309 medium
1927 2250 2056 2303 etin
2078 2249 2189 2303 loco
2213 2248 2366 2304 urbis·

394 2329 738 2395 celeberrimO,
776 2347 946 2399 quem,
981 2330 1034 2382 ni
1063 2330 1228 2395 fallor,
1274 2331 1497 2384 Genium
1536 2337 1744 2395 uocant,
1787 2330 2136 2384 conlocantur<
2179 2331 2364 2385 clami-2

394 2416 527 2475 tant,
554 2412 798 2480 quicquid
820 2413 874 2465 in
896 2416 1129 2466 nostram
1150 2412 1403 2466 inuidiam
1426 2430 1533 2466 esse
1556 2412 1853 2477 credebant,
1875 2413 2148 2482 gentilium
2170 2418 2352 2466 contra
2387 2427 2438 2469 25
2482 2419 2483 2422 ’
2514 2475 2515 2478 ¹

394 2508 485 2544 nos
509 2493 699 2561 populo
724 2494 1082 2546 contionantes
1107 2511 1182 2559 ea,
1209 2511 1342 2563 quae
1366 2511 1512 2547 aures
1535 2493 1828 2548 infidelium
1849 2494 2072 2547 libenter
2094 2494 2348 2567 audirent.
2514 2487 2515 2491 ¹

393 2573 528 2625 inter
567 2591 698 2642 quae
738 2576 896 2628 etiam
935 2576 1298 2629 destructionis
1361 2576 1563 2644 Sarapii
1601 2581 1653 2629 et
1693 2575 1911 2630 aliorum
1960 2575 2216 2630 idolorum
2267 2591 2351 2629 eos

396 2655 544 2722 quasi
568 2656 622 2708 in
647 2656 823 2724 fugam
858 2658 1195 2710 admonentes
1216 2657 1590 2710 uociferantur:
1630 2658 1749 2710 ‘non
1782 2657 2037 2727 sunt†-in
2063 2658 2178 2711 iura
2202 2662 2351 2726 tepu-

337 2749 360 2783 3
396 2735 560 2789 lorum
612 2737 665 2789 in
707 2738 904 2791 Nitriae
952 2739 1311 2808 monasteriis‘,
1386 2739 1514 2792 haec
1566 2744 1744 2792 autem
1798 2739 2038 2792 uniuersa
2089 2738 2351 2794 faciebant

394 2823 638 2885 putantes
688 2819 785 2871 sibi
832 2820 1011 2873 turbas
1060 2821 1202 2890 iungi
1247 2820 1537 2874 infidelium
1586 2826 1639 2873 et
1689 2820 1944 2874 Isidorum
1973 2820 2350 2890 ‚episcoporum
2386 2834 2438 2871 30
2480 2854 2481 2859 ,

505 2979 532 3022 5
554 2979 668 3035 Orig.
690 2979 850 3037 passim
965 2982 1017 3026 19
1037 2981 1092 3025 cf.
1117 2982 1164 3025 II
1186 2982 1290 3039 Reg.
1314 2982 1378 3034 15,
1398 2983 1577 3034 31-17,
1600 2984 1653 3027 23

410 3139 413 3142 Α
511 3100 532 3140 1
555 3086 742 3153 {palium
763 3112 793 3141 u
812 3098 1106 3155 spiritualium
1128 3099 1241 3144 Van.
1264 3100 1381 3157 tipus
1403 3115 1431 3144 u
1502 3103 1527 3145 2
1547 3099 1808 3146 timiamatis
1832 3114 1863 3144 ιι
1919 3103 1946 3145 4
1966 3101 2065 3158 quis
2087 3099 2198 3144 Vall.
2221 3099 2299 3158 qui
2316 3115 2345 3144 u

399 3183 487 3225 quo
508 3184 536 3213 u
557 3171 676 3227 quod
699 3170 811 3215 Van.
887 3173 914 3216 8
933 3172 1228 3218 idololatriam
1249 3172 1364 3218 V'all.
1434 3175 1460 3218 9
1480 3173 1786 3220 fraudolentae
1807 3172 1919 3219 Vazl.
1993 3176 2051 3220 14·
2065 3173 2298 3219 comitatui
2315 3187 2344 3218 u

400 3244 454 3287 15
474 3243 581 3287 mihi
598 3246 709 3289 alex.
732 3260 761 3289 u
782 3245 826 3289 in
846 3246 1115 3291 Alexandria
1135 3245 1248 3292 Vall.
1357 3249 1410 3293 16
1431 3262 1564 3306 quem
1586 3247 1697 3293 Vall.
1813 3250 1867 3294 18
1887 3248 2012 3294 dictu
2032 3248 2137 3306 (non
2157 3248 2295 3304 dicta)
2315 3237 2374 3292 u*
2404 3256 2411 3259 “
2490 3250 2498 3258 ‘

400 3319 450 3360 21
475 3317 653 3361 hisidmi
673 3333 702 3361 u
828 3320 1044 3365 haeresim
1065 3319 1179 3365 Vazz.
1306 3322 1427 3379 quia
1447 3323 1606 3378 smpsz·
1624 3322 1729 3380 quia
1749 3336 1779 3367 u
1799 3323 1879 3381 qui
1897 3321 2011 3368 Van.
2144 3322 2199 3367 26
2217 3310 2343 3380 pilos

399 3391 439 3443 (s
461 3393 584 3447 erae.)
605 3406 633 3434 u
654 3394 837 3449 populos
853 3391 967 3438 Van.
1027 3395 1330 3440 contionantes
1349 3397 1504 3452 scripsi
1523 3397 1837 3442 concitantesu
1893 3399 1944 3441 27
1965 3395 2100 3442 etiam
2119 3410 2150 3440 u
2170 3399 2217 3441 et
2229 3394 2342 3440 Vall.

403 3463 570 3519 Serapii
590 3463 703 3509 Vall.
782 3467 832 3511 28
852 3468 979 3524 quasi
996 3482 1026 3512 u
1047 3468 1124 3526 qui
1143 3468 1256 3514 Van.
1352 3474 1607 3515 amonentes
1627 3485 1657 3514 u
1748 3459 1821 3515 {u
1839 3470 1900 3515 sic
1922 3469 2035 3515 Vall.
2123 3470 2342 3528 teplorum

398 3537 415 3586 (
424 3557 465 3571 ι-
496 3539 759 3593 sepulcrum)
783 3555 812 3584 u
825 3543 1088 3598 templorum
1102 3540 1239 3596 Vall.;
1258 3543 1373 3587 locus
1391 3545 1574 3601 yrauiter
1593 3548 1815 3601 corruptus
1923 3545 1978 3589 30
1996 3543 2082 3589 sibi
2099 3558 2130 3589 u
2148 3543 2209 3588 sic
2224 3542 2336 3589 Vazl.
