2528 4186
457 320 552 372 176
1079 361 1081 363 -
1149 330 1355 376 Sancti
1386 330 1731 388 Hieronymi

455 493 507 540 et
547 481 738 540 Iannae
777 491 935 555 atque
975 486 1227 550 Iambrae‚
1269 487 1357 555 qui
1395 486 1563 554 Moysi
1598 485 1811 554 magicis
1849 456 2050 541 artibus
2086 487 2404 543 restiterunt.

454 569 542 621 sed
570 567 737 621 nullas
766 567 997 636 Origenis
1025 568 1371 636 patrocinium
1398 566 1613 619 habebit
1642 567 1791 631 uireS,
1823 567 1946 635 quia
1974 567 2206 622 Christus
2233 586 2410 640 mago·
2482 630 2483 634 ἵ

399 688 406 698 .
454 665 570 702 rum
605 649 908 718 praestigias
946 665 1037 701 suo
1076 648 1268 701 deleuit
1305 649 1550 700 aduentu.
1590 648 1902 716 respondeat
1937 665 2105 702 nouae
2139 650 2409 720 inpietatis
2468 679 2475 682 -
2519 679 2521 702 ÷

456 731 702 794 adsertor,
737 730 896 783 immo
931 734 1107 798 aperte
1142 729 1345 782 audiat:
1381 729 1424 781 si
1457 745 1561 781 non
1596 733 1673 782 est
1706 728 1903 782 malum
1936 746 2019 783 ars
2051 731 2268 800 magica,
2303 747 2408 786 non
2479 725 2493 790 ja

455 812 552 865 erit
576 811 772 864 malum
800 816 851 863 et
886 810 1141 874 idolatria,
1182 826 1313 879 quae
1349 810 1476 862 artis
1510 810 1741 879 magicae
1776 810 1972 864 uiribus
2007 812 2207 866 nititur.
2247 813 2410 883 quod-

455 893 496 945 si
525 892 721 945 malum
754 897 831 945 est
860 891 1114 955 idolatria,
1147 891 1344 944 malum
1375 891 1471 943 erit·
1503 896 1555 944 et
1584 907 1667 944 ars
1696 892 1913 960 magica,
1947 909 2011 945 ex
2041 909 2145 962 qua
2173 893 2411 952 subsistit
2472 886 2483 958 J

442 972 706 1027 idolatria.
742 990 859 1025 cum
890 977 1068 1026 autem
1097 972 1339 1025 idolatria
1371 972 1559 1025 Christi
1589 972 1863 1026 maiestate
1894 973 2065 1027 deleta
2095 975 2179 1039 sit,
2212 974 2410 1030 indicat
2476 991 2480 1047 ζ

455 1060 506 1108 et
540 1060 809 1123 parentem
843 1071 991 1107 suam
1027 1058 1193 1106 artem
1226 1053 1483 1122 magicam
1517 1070 1692 1106 secum
1725 1055 1921 1123 pariter
1954 1055 2262 1109 dissolutam
2295 1073 2412 1126 pro-

454 1137 614 1204 pheta
637 1153 789 1204 super
811 1136 908 1188 hoc
931 1135 1128 1204 liquido
1153 1134 1531 1203 proclamante:
1557 1139 1677 1188 sta
1718 1152 1912 1189 nunc
1953 1137 2025 1189 in
2067 1136 2412 1192 incanta-

454 1217 811 1270 tionibus
861 1217 1022 1270 tuis
1075 1222 1144 1269 et
1194 1215 1464 1269 multis
1516 1217 1943 1270 ueneficiis
1992 1218 2169 1283 tuis,
2224 1225 2412 1288 qua'e

455 1298 828 1351 didicisti
893 1297 978 1350 ab
1045 1297 1596 1350 adulescentia
1659 1303 1806 1363 tua,
1873 1299 1935 1351 si
1999 1300 2412 1368 potuerint

457 1396 490 1447 p
512 1396 537 1431 r
558 1397 585 1431 o
608 1380 641 1431 d
663 1396 688 1431 e
710 1395 732 1431 s
753 1395 777 1431 s
799 1395 824 1430 e
866 1383 890 1431 t
911 1379 927 1430 i
948 1378 981 1430 b
1002 1379 1032 1431 i.
1063 1395 1180 1431 cum
1205 1379 1364 1447 igitur
1387 1379 1515 1432 haec
1539 1379 1911 1448 prophetarum
1936 1380 2129 1450 scripta
2152 1385 2413 1435 testentur
2479 1391 2482 1395 ’

459 1465 510 1512 et
536 1460 705 1512 nullus
731 1477 981 1528 umquam
1006 1476 1162 1513 ausus
1187 1460 1256 1513 sit
1278 1461 1556 1514 memoriae
1581 1461 1796 1530 prodere
1819 1478 2090 1530 magorum
2114 1467 2252 1516 artes
2276 1463 2413 1516 inter
2453 1483 2483 1516 .-

456 1542 655 1609 optima
706 1558 940 1610 quaeque
989 1542 1352 1607 numerandas,
1404 1542 1538 1611 leges
1590 1559 1796 1611 quoque
1845 1543 2083 1612 publicae
2131 1560 2310 1614 magos
2356 1539 2413 1598 *et

455 1623 717 1675 maleficos
740 1623 976 1690 puniant,
1008 1622 1134 1676 scire
1161 1640 1266 1676 non
1289 1639 1515 1692 possum,
1543 1640 1648 1692 qua
1669 1624 1871 1677 ratione
1892 1625 2126 1694 inpulsus
2151 1626 2410 1695 OrigeneS,
2458 1631 2471 1699 ’ᾗ

455 1705 543 1773 qui
583 1704 933 1757 Christianum
972 1718 1025 1757 se
1065 1720 1172 1758 esse
1209 1705 1389 1770 iactat,
1435 1705 1677 1759 Sedeciae
1714 1706 2198 1775 pseudoprophetae
2236 1725 2412 1761 aemu-
2467 1734 2475 1751 ι

453 1786 588 1839 lator
629 1786 853 1839 existens
896 1802 1089 1839 cornua
1129 1785 1225 1838 sibi
1267 1786 1432 1839 ferrea
1472 1787 1666 1851 fecerit,
1712 1787 1899 1856 quibus
1943 1793 2123 1843 contra
2165 1783 2414 1858 dogmata

452 1867 688 1933 ueritatis
722 1871 955 1920 armatus
986 1867 1211 1932 incedat,
1246 1884 1340 1920 nec
1373 1869 1546 1936 sapiat
1579 1869 1859 1937 quicquam
1891 1869 1954 1922 de
1988 1869 2196 1923 caelesti
2229 1870 2414 1924 Hieru-
2477 1908 2479 1911 -

453 1948 611 2001 salem
636 1965 803 2017 neque
826 1949 1064 2002 imitetur
1085 1949 1301 2018 Moysen
1327 1954 1379 2002 et
1405 1949 1591 2003 Daniel
1615 1950 1934 2020 Petrumque
1960 1956 2011 2004 et
2037 1951 2162 2005 alios
2188 1954 2411 2016 sanct0S‚

455 2030 543 2099 qui
582 2035 763 2083 contra
799 2046 978 2099 magos
1018 2035 1069 2083 et
1105 2031 1457 2084 incantatores
1498 2032 1645 2100 quasi
1681 2032 1736 2084 in
1774 2033 1882 2085 acie
1919 2028 2120 2086 stantes
2156 2033 2412 2087 indefesso
2454 2055 2471 2077 ι
2517 2038 2520 2087 ὲ

455 2112 734 2167 certamine
758 2111 1086 2181 dimicarunt.
1114 2129 1232 2165 cum
1256 2113 1442 2181 quibus
1467 2113 1629 2166 festae
1653 2113 1754 2166 diei
1777 2114 2026 2167 ducamus
2050 2114 2247 2180 choros,
2273 2114 2414 2184 quod
2471 2138 2474 2141 ·
2516 2146 2518 2174 ὲ

452 2209 542 2261 per
581 2193 753 2246 media
797 2193 1079 2261 Babylonis
1121 2193 1348 2262 pericula
1389 2199 1718 2248 transeuntes
1762 2195 1996 2264 Origenis
2037 2212 2238 2250 uenena
2280 2196 2414 2250 uita·
2451 2217 2455 2220 ·
2518 2207 2519 2210 ’

452 2275 620 2327 uimus
664 2280 716 2327 et
760 2275 1115 2328 oboediuimus
1158 2268 1443 2344 prophetae
1485 2276 1805 2330 sermonibus
1846 2277 2176 2347 imperantis:
2221 2295 2247 2331 e
2266 2293 2344 2347 gr
2364 2294 2414 2331 e-

463 2357 636 2409 dere
674 2356 753 2409 de
782 2356 1193 2425 Babylone,
1234 2357 1360 2426 qui
1396 2357 1602 2427 fugis
1640 2359 1722 2411 de
1758 2363 1971 2412 terra
2009 2358 2416 2413 Chaldaeo-

452 2453 476 2488 r
496 2455 529 2489 u
549 2454 618 2501 m,
646 2443 705 2490 ut
729 2437 1110 2506 ingrederemur
1134 2438 1475 2503 Hierusalem,
1501 2440 1556 2492 in
1582 2456 1686 2508 qua
1709 2440 2027 2508 praedicatio
2053 2440 2289 2493 ueritatis
2315 2445 2409 2494 est.
2466 2451 2471 2454 ’
2513 2501 2516 2521 ῥ

587 2520 662 2571 17.
703 2519 1033 2588 Quamquam
1061 2520 1198 2572 enim
1224 2521 1494 2573 mendacio
1521 2521 1817 2576 resistentes
1844 2521 1983 2590 passi
2010 2538 2186 2574 sumus
2215 2521 2413 2591 aliquid
2486 2567 2487 2570 ,
2514 2528 2516 2594 ᾖ

452 2599 610 2651 trium
656 2616 947 2668 puerorum,
997 2601 1085 2669 qui
1128 2601 1183 2654 in
1229 2601 1430 2655 camino
1476 2602 1762 2655 aestuantis
1807 2602 2033 2655 incendii
2078 2603 2412 2657 flammarum
2495 2605 2515 2661 3

569 2777 589 2818 1
613 2775 666 2820 cf.
685 2776 729 2818 II
743 2776 854 2821 Tim.
869 2778 908 2830 3,
931 2778 958 2821 8
1015 2778 1041 2821 9
1063 2777 1209 2822 *Esai.
1225 2779 1289 2831 47,
1308 2778 1361 2822 12
1421 2776 1750 2837 1605.111Reg.
1765 2779 1896 2832 22,11
1959 2779 2012 2823 18
2033 2779 2086 2823 ci.
2110 2779 2244 2824 Hebr.
2268 2780 2332 2834 12,
2355 2779 2411 2823 22

458 2849 510 2893 23
527 2848 672 2894 *Esai
695 2851 759 2902 48,
785 2851 835 2894 20
940 2852 990 2895 27
1011 2853 1065 2896 cf.
1087 2851 1203 2897 Dan.
1221 2852 1261 2905 3,
1283 2853 1338 2902 94

569 2982 589 3024 1
612 2981 712 3038 iane
731 2983 771 3026 U
788 2982 934 3025 iamne
955 2997 985 3025 u
1082 2983 1306 3029 mambrae
1327 2985 1367 3041 (e
1389 2987 1437 3042 u)
1462 2982 1733 3042 Tp.c.m2Uu
1817 2998 1970 3042 moyse
1995 2987 2112 3031 Ta.c.
2201 2986 2226 3029 2
2246 2989 2406 3043 praest.
2484 2988 2490 3003 ‘

459 3068 571 3113 mag.
595 3054 634 3097 V
702 3056 727 3100 5
747 3055 849 3113 erit]
868 3062 936 3101 est
955 3071 984 3100 u
1035 3059 1062 3103 6
1082 3063 1129 3103 et
1150 3072 1228 3104 om.
1255 3060 1296 3104 U
1352 3072 1439 3117 quo
1462 3074 1486 3114 ς
1543 3059 1750 3105 substitit
1772 3061 1814 3105 U
1825 3069 1836 3110 ζ
1857 3060 1953 3105 add.
1975 3064 2022 3105 et
2041 3073 2071 3103 u
2128 3061 2155 3105 8
2175 3064 2348 3116 partem
2367 3058 2410 3103 V

458 3130 509 3172 10
530 3129 592 3186 et]
611 3130 658 3172 in
677 3145 707 3173 u
785 3131 836 3174 12
857 3131 941 3176 tibi
962 3133 1084 3188 prod.
1107 3147 1137 3176 u
1222 3132 1330 3178 haec
1350 3147 1429 3178 om.
1458 3134 1496 3177 T
1569 3133 1790 3191 scriptura
1808 3138 1997 3180 testetur
2016 3134 2058 3178 V
2132 3132 2410 3179 detestentur
2443 3130 2449 3136 ’
2469 3138 2471 3142 ’

461 3201 652 3258 Tp.c.m2
724 3206 773 3248 14
787 3205 1003 3264 quaeque]
1017 3219 1190 3264 quoque
1203 3220 1232 3249 u
1300 3208 1531 3264 numera(a
1554 3220 1605 3251 ex
1625 3221 1647 3250 e
1662 3206 1813 3265 V)nda
1828 3208 1941 3253 TVu
2006 3208 2059 3252 15
2080 3207 2207 3266 scire]
2220 3207 2366 3252 uidere
2378 3221 2410 3251 u
2490 3249 2500 3258 .

457 3277 562 3334 orig.
584 3277 675 3333 inp.
696 3292 726 3321 u
801 3280 991 3336 origenis
1009 3281 1046 3323 T
1121 3281 1175 3324 16
1192 3293 1283 3324 esse
1303 3295 1346 3325 sc
1370 3296 1399 3324 u
1478 3294 1568 3326 esse
1590 3296 1669 3328 om.
1686 3297 1710 3337 ς
1777 3282 1970 3328 sedeciae
1991 3280 2080 3339 (m2
2103 3282 2346 3339 zedechiae)
2370 3282 2410 3326 Τ

456 3351 677 3394 sedechiae
698 3355 768 3397 cet.
857 3354 1094 3409 prophetae
1116 3368 1146 3397 u
1224 3355 1278 3399 18
1296 3355 1401 3399 hier.
1430 3357 1468 3400 T
1485 3355 1592 3402 iher.
1615 3361 1686 3401 cet.
1778 3357 1830 3401 19
1848 3357 2019 3402 moisen
2040 3354 2081 3398 V
2168 3355 2346 3401 danihel
2369 3356 2410 3401 U

458 3424 508 3465 22
531 3425 694 3481 babyll.
721 3427 835 3470 Tac
858 3427 992 3472 babil.
1012 3429 1083 3472 Uu
1090 3429 1317 3496 —specula
1333 3431 1373 3474 U
1431 3430 1485 3475 24
1505 3430 1672 3487 babyll.
1693 3432 1808 3476 Tem.
1829 3431 1965 3476 babil.
1982 3429 2054 3476 Vu
2111 3430 2406 3475 caldeorumu

457 3497 507 3538 25
527 3497 733 3555 ingredir(
738 3514 757 3543 r
778 3501 987 3556 s.l.)emur
1006 3516 1035 3545 u
1091 3501 1191 3545 irlm
1209 3503 1247 3546 V
1266 3503 1372 3548 iher.
1393 3505 1464 3548 Uu
1519 3503 1584 3561 in]
1606 3505 1658 3548 de
1675 3504 1715 3547 V
1787 3506 1841 3550 26
1862 3505 1982 3549 enim
2003 3519 2082 3550 om.
2099 3519 2124 3560 ς
2193 3502 2408 3549 maledico
2472 3507 2474 3510 ’

456 3571 683 3615 resistente
708 3587 735 3614 u
846 3574 982 3618 simus
996 3574 1036 3617 V
1150 3577 1200 3620 27
1220 3576 1421 3621 incendio
1441 3575 1629 3633 up.c.m2
