2528 4186
392 306 488 357 174
965 298 970 302 ¹
1083 316 1664 373 SanctiHieronymi

381 475 608 538 homo,
664 474 790 542 qui
840 474 1349 527 maledixerit
1400 474 1625 536 deum,
1678 467 2080 540 peccatum
2131 468 2353 526 habe?

381 555 498 607 bit
546 560 631 620 et,
684 556 810 624 qui
858 555 1388 608 nominauerit
1436 569 1698 606 nomen
1746 553 2049 618 domini,
2099 559 2341 607 morte

381 636 780 700 morietur3
829 636 1233 705 lapidibus
1282 635 1557 688 obruet
1603 650 1758 686 eum
1806 635 2044 688 omnis
2090 635 2341 688 multi-

379 723 403 770 t
423 735 458 770 u
479 718 513 770 d
535 735 579 771 ο.
647 723 700 771 et
743 718 856 787 quis
899 717 1061 773 tantis
1107 717 1366 771 Christum
1411 715 1592 768 adficit
1635 715 1960 769 contumeliis
2003 720 2063 768 ut
2105 717 2204 782 hic,
2251 717 2341 786 qui

381 815 549 862 ausus
573 804 650 852 est
687 799 876 852 dicere:
937 799 1074 852 ‘non
1094 799 1249 851 debet
1286 796 1435 850 orari‘
1475 813 1678 850 cassum
1713 802 1924 850 tantum
1962 797 2008 849 ei
2044 798 2334 866 diuinitatis

382 897 572 934 nomen
604 879 914 950 indulgens?
1861 897 1863 901 ’

519 961 596 1014 15.
630 962 825 1015 Uerum
856 961 980 1030 quid
1009 977 1211 1013 necesse
1243 964 1320 1012 est
1348 960 1403 1011 in
1432 963 1545 1012 tam
1572 959 1727 1028 inpiis
1755 959 2058 1013 immorari?
2091 960 2158 1013 ad
2179 959 2339 1013 alium

384 1043 490 1096 eius
517 1047 839 1096 transeamus
868 1058 1101 1095 errorem.
1133 1041 1259 1094 dicit
1287 1057 1516 1109 corpora,
1547 1057 1679 1109 quae
1705 1046 1994 1110 resurgunt,
2024 1046 2143 1110 post
2170 1041 2339 1095 multa

379 1124 582 1177 saecula
623 1124 677 1176 in
720 1124 939 1176 nihilum
982 1123 1310 1176 dissoluenda
1351 1139 1446 1175 nec
1488 1122 1668 1196 futura
1711 1122 1907 1192 aliquid
1950 1123 2063 1187 nisi,
2110 1140 2229 1176 cum
2272 1124 2336 1176 de

379 1204 635 1258 caelorum
683 1205 1036 1259 mansionibus
1087 1205 1289 1257 animae
1339 1204 1406 1256 ad
1453 1203 1696 1257 inferiora
1743 1204 1971 1273 dilapsae
2019 1204 2335 1273 indiguerint

379 1286 541 1351 1101118,
584 1303 716 1355 quae
753 1285 856 1340 alia
892 1302 1095 1339 rursum
1132 1286 1266 1338 fiant
1303 1285 1556 1353 prioribus
1598 1285 1806 1339 omnino
1845 1285 2040 1338 deletis
2084 1286 2199 1354 quis
2234 1285 2338 1339 ista

382 1368 595 1420 audiens
625 1385 728 1420 non
759 1372 810 1420 et
838 1372 1012 1420 mente
1043 1372 1094 1420 et
1125 1383 1334 1436 corpore
1362 1366 1758 1436 pertremiscat?
1789 1367 1832 1420 si
1861 1368 1998 1420 enim
2026 1372 2146 1436 post
2173 1383 2337 1421 resur-

379 1449 660 1502 rectionem
690 1466 905 1519 corpora
933 1449 1231 1518 redigentur
1258 1449 1313 1501 in
1342 1448 1578 1513 nihilum,
1610 1448 1793 1501 fortior
1822 1449 1917 1502 erit
1947 1464 2084 1501 mors
2114 1449 2339 1502 secunda

385 1547 542 1598 quam
572 1531 756 1599 prima,
800 1547 931 1599 quae
963 1530 1128 1583 delere
1161 1530 1369 1583 omnino
1400 1530 1594 1599 poterit
1624 1530 1974 1583 substantiam
2006 1530 2335 1599 corporalem.

381 1628 470 1664 cur
529 1611 720 1665 Paulus
773 1612 974 1665 scribit:
1036 1628 1228 1664 mors
1288 1628 1431 1665 non
1491 1611 2029 1666 dominabitur
2086 1611 2335 1675 illius;

381 1695 575 1766 quod
627 1693 819 1746 enim
869 1698 1216 1746 mortuus
1268 1698 1383 1746 est
1433 1697 1773 1762 peccate,
1827 1698 2172 1746 mortuus
2224 1697 2339 1745 est

381 1791 401 1826 s
426 1791 452 1826 e
473 1791 526 1826 m
549 1774 626 1839 el,
657 1775 700 1828 si
729 1791 943 1844 corpora
971 1775 1192 1828 delenda
1219 1779 1342 1827 sunt
1368 1774 1613 1844 penitus?
1644 1779 1737 1827 aut
1766 1775 2025 1843 quomodo
2053 1775 2167 1839 hoc,
2199 1775 2338 1843 quod

381 1856 572 1908 dicitur
602 1856 807 1921 ‘semel‘,
837 1857 1049 1910 firmum
1074 1856 1185 1921 erit,
1210 1872 1328 1908 cum
1353 1872 1470 1909 caro
1491 1856 1558 1909 ab
1587 1856 1789 1909 animae
1817 1855 2072 1909 consortio
2101 1860 2340 1926 separata

379 1937 660 2006 redigenda
701 1938 768 1990 sit
810 1938 865 1991 in
907 1937 1163 1991 nihilum?
1210 1954 1314 2006 qua
1355 1938 1554 1990 ratione
1596 1954 1769 1991 rursus
1813 1937 2078 1990 adiunxit:
2134 1941 2205 1990 se
2224 1955 2279 1990 m
2297 1937 2337 1989 i-

378 2023 609 2071 natur
646 2019 718 2071 in
759 2019 1285 2088 corruptione,
1315 2020 1570 2088 surgit
1609 2019 2334 2088 inincorrupt-ione;

376 2100 709 2153 seminat
734 2095 809 2152 u'r
866 2101 939 2153 in
996 2100 1503 2165 infirmitate,
1564 2101 1819 2169 surgit
1876 2100 1949 2153 in
2006 2100 2336 2164 uirtute;

379 2182 812 2235 seminatur
853 2183 926 2235 in
968 2181 1512 2251 ignobilitate,
1557 2182 1905 2251 resurgit
1946 2182 2019 2235 in
2060 2181 2334 2251 gloria3

380 2279 401 2314 s
427 2263 815 2316 eminatur
902 2280 1176 2332 corpus
1265 2263 1611 2334 animale,
1720 2263 1975 2332 surgit
2063 2278 2336 2332 corpus

323 2358 332 2376 ‘-
381 2360 402 2395 s
425 2360 459 2412 p
481 2345 499 2396 i
518 2361 543 2396 r
561 2345 579 2396 i
597 2349 622 2397 t
643 2344 795 2397 ale?
830 2345 872 2397 si
905 2345 1042 2398 enim
1065 2345 1381 2414 incorruptio
1410 2361 1624 2413 corpora
1648 2345 1703 2397 in
1734 2344 1953 2398 nihilum
1983 2344 2184 2413 redigit,
2220 2360 2338 2397 con-

384 2441 600 2493 sequens
634 2425 804 2479 suerat
837 2427 1002 2479 dicere
1036 2426 1351 2495 corruptioni
1384 2443 1444 2479 ea
1474 2427 1529 2479 in
1560 2431 1871 2495 perpetuum
1902 2426 2150 2479 reseruari
2182 2431 2336 2479 esset-

382 2523 480 2574 que
512 2507 694 2560 fortior
723 2508 1121 2577 incorruptione.
1156 2508 1245 2561 sed
1278 2508 1416 2561 absit
1447 2508 1669 2561 Paulum
1701 2508 1959 2561 contraria
1990 2507 2087 2560 sibi
2117 2507 2336 2560 scribere

379 2593 430 2640 et
469 2588 842 2657 incorruptioni
882 2595 933 2643 et
973 2589 1289 2658 corruptioni
1328 2590 1545 2643 eandem
1585 2606 1692 2642 esse
1731 2594 1989 2642 naturam.
2033 2589 2233 2658 quodsi,
2274 2593 2335 2642 ut

492 2722 513 2764 1
537 2720 667 2764 *Lem
690 2722 754 2776 24,
780 2722 943 2767 15—16
1060 2722 1112 2767 15
1135 2722 1278 2766 *Rom
1298 2723 1336 2776 6,
1357 2721 1496 2766 9—10
1610 2723 1664 2766 19
1685 2721 1735 2765 *Ι
1756 2722 1851 2767 Gor.
1874 2722 1939 2775 15,
1963 2722 2128 2766 42—44

490 2817 514 2859 2
534 2817 699 2860 nomin.
720 2817 767 2859 in
787 2818 947 2863 falsum
966 2833 995 2862 u
1015 2819 1389 2875 blasphemauerit
1412 2819 1451 2863 U
1527 2821 1554 2863 4
1572 2817 1635 2875 et]
1657 2822 1706 2862 at
1727 2833 1751 2873 ς
1819 2818 1972 2863 affecit
1994 2819 2066 2863 Uu
2131 2817 2158 2861 5
2178 2829 2283 2862 casu
2301 2830 2331 2860 u

380 2903 552 2934 cassum
569 2895 616 2935 et
633 2892 762 2934 inane
786 2907 809 2947 ς
920 2893 960 2935 ei
980 2893 1027 2936 di
1049 2894 1087 2937 T
1210 2894 1235 2937 8
1256 2897 1482 2950 resurgent
1505 2890 1696 2948 Tp.c.m2
1823 2893 1876 2936 10
1894 2891 2056 2949 mans]
2073 2891 2281 2935 inanibus
2300 2905 2330 2934 u

379 2963 435 3006 ad
455 2979 533 3008 om.
556 2980 586 3009 u
643 2966 844 3022 delapsae
873 2968 913 3011 U
935 2967 1081 3023 lapsae
1101 2981 1131 3010 u
1200 2968 1249 3010 11
1272 2967 1414 3021 nouis,
1437 2980 1548 3024 quae
1573 2966 1686 3011 Vall.
1709 2967 1925 3024 nobisque
1950 2968 1988 3010 T
2006 2965 2152 3022 (nobis
2172 2969 2224 3010 ut
2241 2962 2331 3020 ΜΖ)

382 3039 495 3082 UVu
618 3041 715 3097 quis
735 3041 823 3085 ista
843 3040 963 3098 aud.]
985 3055 1061 3085 cur
1080 3041 1145 3086 ita
1165 3039 1316 3085 audies
1336 3056 1366 3085 u
1490 3042 1543 3084 12
1562 3041 1846 3098 pertimescat
1871 3042 1909 3084 T
2031 3040 2083 3084 15
2102 3040 2270 3085 scribat
2290 3036 2330 3080 V

377 3113 554 3168 scripsit
572 3128 621 3167 u;
642 3115 738 3158 add.
760 3115 822 3159 sic
844 3130 868 3170 ς
986 3115 1051 3158 1111
1069 3129 1099 3158 u
1212 3116 1264 3160 16
1284 3130 1349 3172 pr.
1371 3119 1598 3160 mortuum
1618 3130 1643 3170 ς
1755 3118 1936 3171 peccato
1955 3115 2005 3158 in
2021 3127 2105 3159 ras.
2121 3114 2174 3166 V,
2196 3128 2275 3158 om.
2296 3126 2327 3156 u

379 3186 452 3229 alt.
474 3192 699 3231 mortuum
722 3204 746 3243 ς
878 3190 927 3233 17
947 3189 1143 3245 si—pen.
1165 3204 1243 3233 om.
1268 3190 1308 3233 V
1439 3190 1492 3233 18
1513 3203 1613 3234 caro
1634 3189 1710 3246 ab]
1730 3189 1896 3234 carnali
1914 3203 1944 3233 u
2079 3192 2279 3245 separate
2299 3202 2329 3232 u

382 3261 434 3303 19
452 3261 544 3305 sint
563 3276 592 3305 u
650 3275 822 3307 rursum
848 3264 888 3307 U
945 3263 1152 3320 adiungit
1177 3265 1248 3308 Uu
1306 3264 1359 3307 20
1379 3268 1530 3321 surget
1550 3279 1574 3319 ς
1629 3262 1809 3320 incorr.]
1830 3277 1938 3308 corr.
1964 3264 2006 3307 U
2062 3263 2112 3305 21
2134 3266 2284 3320 surget
2303 3276 2328 3317 ς

382 3334 434 3376 22
455 3340 648 3392 resurget
670 3335 708 3377 V
729 3337 870 3393 surgit
894 3338 934 3381 U
1047 3338 1100 3382 23
1119 3341 1269 3395 surget
1292 3338 1334 3381 U
1410 3338 1484 3382 alt.
1506 3351 1662 3395 corpus
1685 3351 1762 3382 om.
1784 3351 1814 3380 u
1901 3337 1955 3382 24
1972 3335 2150 3393 incorr]
2170 3350 2279 3381 corr.
2299 3349 2330 3379 u

380 3421 561 3463 corpora
581 3423 659 3453 om.
684 3425 707 3464 ς
796 3411 847 3454 25
867 3424 917 3453 ea
941 3425 1048 3455 corr.
1075 3413 1115 3455 U
1192 3411 1473 3467 corruptione
1495 3413 1533 3455 V
1613 3411 1682 3469 ea]
1702 3416 1748 3456 et
1766 3425 1795 3455 u
1875 3412 1928 3456 26
1946 3409 2270 3468 incorruptioni
2292 3410 2330 3453 T

376 3481 629 3538 incorrupto
652 3498 695 3537 ςς
716 3485 811 3528 add.
835 3485 1057 3541 corruptio
1085 3487 1125 3530 U
1128 3483 1200 3527 Vu
1257 3486 1474 3530 contrarie
1494 3500 1524 3528 u
1590 3486 1720 3530 scrib.
1740 3485 1827 3530 sibi
1846 3486 1886 3529 V
1973 3485 2026 3530 27
2046 3499 2111 3542 pr.
2131 3488 2178 3529 et
2196 3498 2274 3529 om.
2295 3496 2326 3526 u

377 3555 533 3599 incorr.
555 3561 599 3600 et
621 3571 728 3602 corr.
751 3573 779 3601 u
800 3558 1143 3615 incorruptionis
1164 3562 1235 3603 cet.
1352 3559 1527 3616 quodsi]
1549 3561 1667 3617 quod
1692 3561 1729 3603 T
1844 3558 1910 3617 ut]
1932 3563 1979 3604 et
2000 3557 2040 3601 V

2371 814 2392 850 5

2374 1219 2426 1255 1⁰
2479 1193 2521 1277 Ji

2375 1625 2423 1663 15
2495 1599 2509 1639 .2

2371 2033 2424 2071 20
2482 2045 2518 2094 ,μ

2370 2441 2420 2478 25
2483 2411 2518 2493 ¹3
