2528 4186
750 356 1027 412 Epistula
1063 355 1206 401 XCVI
1238 357 1397 399 19—21
1952 344 2049 396 181

8 514 26 576 ἕ
101 512 366 577 stantiam,
388 512 442 564 in
467 528 571 580 qua
591 516 643 564 et
671 511 925 580 baptizati
953 511 1119 564 uitam
1147 516 1412 565 aeternam
1439 512 1769 579 suscepimus,
1803 518 1869 575 et,
1901 513 1944 564 si
1972 513 2054 564 dei
2091 527 2113 563 4

8 593 33 684 ⁵2}
99 592 338 646 tribuerit
388 592 674 658 clementia,
727 609 845 646 cum
895 592 1086 661 angelis
1134 592 1448 645 merebimur
1496 592 1812 645 dominicum
1861 594 2053 661 pascha

0 686 27 750 3
99 673 352 728 celebrare
381 670 632 727 habentes
665 670 1085 742 quadragesimae
1117 673 1385 726 exordium
1417 673 1482 726 ab
1516 678 1703 726 octaua
1734 674 1815 725 die
1845 675 2049 738 mensis,

0 767 34 839 ξ
99 756 206 824 qui'=
234 756 517 808 secundum
564 755 846 824 Aegyptios
893 760 1112 808 uocatur
1157 754 1463 818 Famenoth‚
1514 759 1566 807 et
1612 755 1723 823 ipso
1771 755 2051 823 praebente

3 843 63 903 2235
98 836 230 890 uires
259 836 521 890 adtentius
549 836 832 889 ieiunemus
862 836 1181 888 ebdomadae
1208 835 1431 899 maioris,
1461 835 1515 888 id
1544 840 1621 889 est
1649 836 1872 904 paschae
1899 852 2051 888 uene·

59 916 61 918 ’
94 917 283 982 rabilis,
323 917 405 970 die
442 917 598 970 tertia
635 917 835 971 decima
870 917 1059 970 mensis
1096 916 1371 970 Farmuthi
1407 916 1751 970 fundamenta
1786 916 2048 982 iacienteS,

4 1007 27 1070 ξς
93 999 169 1052 ita
213 999 507 1063 dumtaxat,
555 1003 615 1052 ut
659 999 810 1052 iuxta
855 997 1173 1067 euangelicas
1218 998 1524 1050 traditiones
1570 998 1813 1051 finiamus
1859 998 2050 1050 ieiunia

91 1080 406 1149 intempesta
443 1085 611 1144 nocte,
656 1085 841 1133 octauo
878 1079 1076 1132 decimo
1106 1079 1188 1132 die
1218 1095 1373 1148 supra
1402 1079 1529 1132 dicti
1556 1079 1745 1132 mensis
1774 1079 2048 1132 Farmuthi

93 1166 146 1214 ct
183 1161 343 1214 altero
383 1161 480 1225 die,
522 1177 623 1230 quo
663 1155 949 1215 dominicae
986 1161 1369 1214 resurrectionis
1409 1166 1486 1213 est
1525 1160 1835 1229 symbolum,
1875 1161 1929 1212 id
1968 1166 2053 1215 estv

0 1252 59 1298 [δυ
93 1259 229 1296 nono
249 1242 448 1295 decimo
469 1243 697 1296 eiusdem
713 1243 919 1308 mensiS‚
946 1259 1127 1296 uerum
1151 1242 1683 1311 pascha'celebremus
1709 1242 2045 1311 adiungentcs

0 1323 35 1352 '²⁶
90 1324 169 1377 his
211 1329 410 1393 septem
452 1323 672 1392 reliquas
716 1324 1047 1389 ebdomadaS‚
1091 1324 1146 1376 in
1189 1323 1376 1392 quibus
1418 1328 1742 1392 pentecostes
1785 1323 2043 1376 festiuitas

7 1454 10 1456 ,
89 1405 301 1470 texitur,
330 1410 382 1458 et
407 1405 714 1474 praebentes
739 1405 1040 1476 nosdignos
1066 1405 1426 1461 communione
1453 1404 1678 1473 corporis
1705 1410 1756 1457 et
1783 1404 2045 1473 sanguinis

12 1534 19 1545 ,.
91 1487 292 1540 Christi.
337 1486 409 1539 sic
451 1486 588 1539 enim
628 1487 940 1539 merebimur
981 1487 1209 1556 accipere
1250 1503 1407 1555 regna
1449 1486 1706 1540 caelorum
1747 1486 1801 1538 in
1845 1486 2045 1540 Christo
2080 1499 2101 1534 5

0 1573 2 1630 ζ
91 1568 222 1633 Iesu,
253 1568 462 1620 domino
491 1573 684 1632 nostro,
716 1584 808 1637 per
837 1584 991 1636 quem
1022 1573 1074 1620 et
1104 1585 1222 1621 cum
1253 1584 1355 1636 quo
1386 1568 1481 1620 deo
1511 1567 1650 1636 patri
1677 1567 1839 1636 gloria
1869 1572 1920 1620 et
1949 1567 2044 1620 im-

33 1661 55 1700 5
88 1649 288 1719 perium
316 1666 434 1702 cum
466 1649 649 1717 spiritu
682 1654 861 1702 sancto
895 1654 946 1702 et
978 1666 1115 1702 nunc
1148 1655 1200 1702 et
1231 1665 1432 1718 semper
1463 1654 1514 1702 et
1545 1649 1599 1701 in
1634 1649 1808 1701 omnia
1839 1648 2043 1702 saecula

87 1730 420 1784 saeculorum.
459 1747 626 1787 amen.

222 1813 301 1865 21.
323 1811 558 1865 Salutate
582 1811 809 1865 inuicem
834 1811 888 1864 in
911 1811 1083 1865 osculo
1110 1816 1314 1875 sanct03
1338 1810 1570 1864 salutant
1596 1827 1704 1876 UOS,
1729 1811 1818 1880 qui
1842 1827 2045 1864 mecum
2133 1809 2137 1812 “

89 1898 226 1958 sunt,
263 1893 461 1947 fratres

201 2070 222 2112 1
246 2083 312 2126 pr.
332 2073 379 2114 et
399 2083 464 2112 om
486 2070 526 2114 V
622 2071 648 2114 3
671 2068 1061 2126 quadragensimae
1085 2070 1124 2112 Τ
1210 2072 1370 2113 octauo
1393 2083 1418 2124 ς
1528 2071 1555 2113 4
1573 2072 1723 2125 egypt.
1751 2070 1791 2113 U
1810 2068 1943 2126 egipt.
1968 2068 2038 2121 Vu
2100 2094 2101 2097 =

92 2144 321 2188 famenoht
338 2144 379 2188 U
411 2143 663 2188 farmonoth
683 2157 714 2187 u
861 2143 978 2201 ipsos
998 2156 1028 2186 u
1177 2143 1203 2186 5
1222 2142 1420 2200 maioris]
1436 2155 1535 2188 mos
1555 2147 1624 2187 est
1642 2156 1672 2185 u
1822 2155 1976 2199 pascae
2001 2144 2039 2187 T

89 2218 115 2262 6
134 2217 327 2263 famuthi
352 2218 393 2262 U
470 2220 494 2263 7
516 2221 569 2262 ut
588 2232 666 2262 om.
682 2231 711 2261 u
807 2218 833 2262 8
853 2231 987 2275 supra
1007 2216 1127 2261 dicto
1147 2230 1294 2262 mense
1313 2231 1344 2260 u
1428 2231 1562 2275 supra
1582 2217 1713 2262 dictis
1731 2218 1772 2261 U
1847 2217 2040 2261 famuthi

89 2305 197 2336 ua.c.
299 2292 325 2335 9
346 2291 525 2336 alterius
548 2291 637 2336 diei
655 2306 685 2336 u
779 2290 884 2349 quo]
905 2292 982 2350 qui
1001 2305 1030 2334 u
1111 2306 1176 2347 pr.
1197 2296 1265 2336 est
1285 2306 1363 2336 om.
1385 2305 1415 2335 u
1498 2291 1624 2349 synb.
1652 2292 1690 2335 T
1707 2291 1820 2335 sinb.
1843 2304 1873 2334 u
1891 2291 1974 2335 sib.
1998 2290 2037 2333 V

30 2387 46 2427 3
90 2367 144 2410 10
162 2379 295 2423 pasca
319 2367 358 2410 T
419 2366 470 2410 11
494 2364 701 2423 reliquas]
724 2364 833 2411 alias
853 2365 894 2409 V
973 2366 1026 2410 12
1046 2366 1245 2410 texuitur
1268 2367 1306 2410 T
1373 2366 1565 2423 corporis
1586 2379 1665 2410 om.
1686 2380 1716 2409 u
1791 2360 1996 2421 sanguini
2014 2380 2044 2409 u

90 2441 144 2484 13
161 2439 280 2484 enim
301 2455 380 2485 om.
402 2453 440 2486 u.
501 2442 554 2485 14
575 2453 662 2498 quo
681 2443 750 2484 est
770 2454 801 2484 u
868 2438 947 2485 deo
963 2425 1048 2485 ὀνκ.
1077 2440 1117 2484 U
1185 2440 1237 2485 15
1256 2438 1410 2485 sancto
1430 2440 1534 2498 spir.
1560 2442 1600 2486 U
1668 2442 1720 2485 17
1740 2438 2035 2484 sal—fratres

87 2519 167 2559 om.
187 2528 218 2558 u
318 2512 415 2571 uo's]
435 2515 532 2559 add.
555 2513 705 2558 omnes
730 2514 771 2560 U
876 2516 929 2560 18
949 2513 1124 2572 fratres]
1145 2513 1241 2559 add.
1262 2515 1447 2572 explicit
1465 2514 1656 2571 epistula
1676 2513 1895 2570 paschalis
1916 2514 2036 2559 beati

31 2599 34 2603 ’
87 2587 291 2645 theof(ph
312 2588 733 2657 mili—alexandrini
752 2578 826 2647 effi
857 2589 915 2633 ad
940 2589 1079 2650 totius
1116 2589 1298 2649 aegypti
1325 2589 1483 2647 (egipti
1504 2590 1561 2646 V)
1594 2578 1699 2647 {ffis
1720 2588 1796 2632 ·11·
1831 2577 1954 2644 (sc—da
1975 2574 2033 2629 V)

34 2709 38 2713 .
94 2660 174 2705 TV
192 2661 380 2719 explicit
398 2663 496 2720 epla
519 2663 549 2707 ·Ι
565 2663 595 2706 Ι·
620 2665 661 2708 U

26 2486 53 2529 »³
