2528 4186
702 400 740 444 E
753 415 780 458 p
792 400 839 446 is
851 403 873 445 t
885 415 914 453 u
927 400 942 444 l
953 415 981 445 a
1018 401 1259 448 LXXVIII
1297 405 1462 448 31—-34
1975 397 2053 449 753

99 556 207 609 siue
234 553 526 608 ‘transitio‘.
560 555 627 607 ad
647 554 781 606 hanc
805 555 950 607 uenit
965 572 1116 608 uerus
1135 556 1418 621 Hebraeus,
1448 558 1502 610 id
1524 563 1600 610 est
1622 560 1867 626 περάτης
1894 565 2051 629 atque

95 637 360 701 transitor,
392 636 480 704 qui
507 635 672 688 dicere
698 639 896 704 potest:
932 636 1252 689 transiens
1290 637 1513 690 uidebo
1552 639 1858 692 uisionem
1892 642 2062 694 hanc

107 733 408 786 magnam,
461 717 524 769 de
562 733 662 786 quo
693 721 753 768 ‘et
787 717 1060 786 psalmista
1095 718 1258 770 canit:
1305 724 1364 771 et
1411 735 1533 771 non
1577 720 1894 784 dixerunt,
1946 723 2051 790 qui

96 797 560 868 praeteribant:
615 797 975 850 benedictio
1029 798 1269 850 domini
1321 816 1510 869 super
1564 818 1686 853 uos.
1745 804 2061 869 praeterit.

41 894 64 931 5
97 879 264 932 enim
298 879 507 948 figura
540 879 729 931 huius
768 878 988 931 mundi
1021 884 1073 931 et
1111 884 1387 949 propterea
1413 882 1582 934 sancti
1610 883 1825 950 cupiunt
1855 884 1921 935 ad
1949 901 2051 935 me-

94 960 225 1014 liora
243 961 463 1014 transire
476 976 570 1013 nec
591 961 852 1029 praesenti
873 965 1018 1012 statu
1041 962 1276 1013 contenti
1294 962 1647 1030 ingemescunt
1670 963 1881 1015 cotidie:
1905 964 2063 1016 haec-

90 1042 460 1095 recordatus
491 1057 628 1093 sum
658 1046 718 1094 et
745 1040 952 1094 effudi
977 1040 1043 1094 in
1075 1059 1165 1094 me
1195 1042 1471 1095 animam
1502 1060 1713 1107 meam,
1751 1044 2050 1112 quoniam

0 1135 2 1137 ’
93 1122 382 1176 transibo
414 1122 720 1175 inlocum
751 1118 1156 1175 tabernaculi
1187 1123 1580 1176 admirabilis
1617 1141 1815 1192 usque
1849 1126 1922 1177 ad
1955 1126 2050 1177 do-

92 1220 260 1257 mum
292 1203 402 1257 dei.
429 1204 656 1256 multum
680 1209 775 1269 est,
801 1205 844 1257 si
868 1204 931 1256 de
957 1204 1194 1257 omnibus
1219 1205 1484 1274 scripturis
1509 1223 1660 1275 super
1684 1206 1841 1258 uerbo
1864 1207 2058 1258 transi--

6 1298 59 1336 10
89 1286 247 1338 tionis
273 1285 431 1337 uelim
457 1285 695 1354 exempla
721 1301 1005 1354 congerere.
1416 1301 1427 1309 ·

156 1367 238 1420 34.
261 1366 342 1418 Et
372 1365 645 1435 profecti
673 1367 744 1419 de
763 1366 1059 1432 Hebrona
1088 1371 1295 1419 castra
1328 1367 1551 1419 metati
1581 1372 1732 1419 sunt
1751 1367 1816 1419 in
1837 1367 2049 1420 Asion-

96 1447 311 1501 Gaber.
462 1502 465 1503 Β

155 1527 433 1582 Tricesima
445 1527 671 1582 secunda
682 1529 881 1582 mansio
893 1528 1206 1581 transfertur
1224 1529 1280 1581 in
1307 1528 1461 1597 ‘ligna
1484 1529 1598 1581 uiri‘
1624 1530 1731 1582 siue
1748 1529 2048 1582 ‘dolationes

90 1609 346 1675 hominis‘,
374 1610 513 1678 quod
535 1610 911 1678 significantius
935 1597 1128 1664 'Graece
1150 1610 1337 1663 dicitur
1360 1608 1686 1676 ξυλακισμοὶ
1707 1608 1912 1677 ἀνδρός
1931 1611 2049 1662 scri-

5 1704 56 1743 15
90 1690 334 1761 biturque
355 1708 447 1761 per
470 1692 556 1744 ain
575 1691 823 1757 litteram,
847 1708 968 1757 non,
992 1697 1054 1744 ut
1081 1692 1262 1745 Graeci
1284 1696 1336 1744 et
1358 1692 1534 1743 Latini
1555 1697 1743 1756 errant,
1768 1709 1857 1760 per
1878 1690 2045 1759 gimel.

89 1771 226 1825 unde
248 1773 304 1827 in
326 1772 603 1826 solitudine
626 1773 912 1826 multitudo
934 1773 1206 1842 lignorum,
1234 1773 1342 1825 ‘nisi
1367 1773 1506 1841 quod
1529 1771 1692 1824 seduli
1715 1777 1766 1824 et
1791 1771 2046 1840 diligentis
2109 1794 2116 1819 t

87 1854 324 1923 magistri
354 1853 625 1923 disciplina
654 1859 977 1907 monstratur
1008 1854 1269 1907 caedentis
1300 1853 1440 1922 ligna
1469 1853 1710 1906 informia
1740 1859 1792 1905 et
1823 1853 2047 1906 dolantis

86 1934 429 2004 facientisque
465 1952 595 1989 uasa
631 1936 849 2000 diuersa,
892 1953 1024 2005 quae
1059 1937 1116 1989 in
1153 1937 1307 1989 domo
1344 1951 1535 2003 magna
1571 1934 1855 1987 necessaria
1892 1934 2045 1987 sunt?

88 2020 307 2085 possunt
332 2015 642 2085 lignationes
669 2018 768 2070 uiri
794 2018 1025 2071 saltuum
1053 2022 1104 2070 et
1133 2018 1364 2070 omnium
1392 2017 1634 2069 arborum
1659 2033 1846 2084 genera
1873 2032 1931 2068 ac
1958 2032 2047 2084 per

0 2110 56 2149 so
88 2097 185 2150 hoc
210 2098 533 2151 credentium
556 2098 950 2152 multitudinem
973 2100 1196 2167 figurare
1221 2099 1424 2164 dicente
1450 2097 1646 2151 Dauid:
1679 2097 1744 2149 in
1758 2097 1966 2149 110111111
1980 2113 2047 2148 us
2069 2094 2070 2097 ’

89 2194 222 2231 eam
253 2178 319 2231 in
353 2180 592 2249 campis
627 2180 840 2234 siluae.
870 2181 1136 2250 hucusque
1163 2180 1388 2234 solitudo
1415 2179 1622 2231 Pharan
1648 2179 1823 2231 decem
1851 2183 1901 2230 et
1930 2182 2045 2230 octo

87 2260 320 2313 continet
362 2262 670 2327 mansiones,
719 2278 849 2331 quae
893 2262 1180 2332 descriptae
1210 2262 1265 2314 in
1297 2261 1530 2329 catalogo
1575 2260 1822 2328 superiori
1863 2259 2045 2310 itinere

0 2335 2 2386 ἶ
87 2357 194 2395 11011
226 2346 510 2410 ponuntur.

74 2539 79 2543 -
109 2519 110 2522 ’
200 2516 222 2560 1
244 2516 298 2562 cf.
320 2531 362 2574 p.
385 2517 453 2569 52,
476 2517 526 2560 11
624 2519 649 2561 2
670 2517 779 2561 *Ex.
802 2519 843 2571 3,
864 2519 891 2563 3
985 2520 1012 2563 3
1033 2519 1107 2573 Ps„
1129 2519 1224 2570 128,
1245 2519 1271 2562 8
1365 2520 1391 2561 4
1417 2517 1437 2560 I
1460 2517 1553 2560 Cor.
1580 2519 1619 2568 7,
1641 2518 1691 2560 31
1788 2516 1814 2558 6
1836 2515 1903 2558 Ps.
1928 2516 1994 2566 41,
2017 2514 2042 2557 5

0 2594 18 2664 μΕἰ
90 2591 141 2635 11
159 2589 317 2635 *Ν11111.
332 2592 401 2643 33,
419 2591 474 2635 35
566 2591 620 2636 13
633 2591 686 2637 cf.
701 2592 904 2637 Onom.s.
920 2594 987 2645 42,
1003 2592 1104 2649 2(6)
1199 2593 1253 2636 18
1270 2592 1324 2635 cf.
1346 2592 1391 2634 II
1408 2591 1517 2634 Tim.
1539 2592 1577 2642 2,
1596 2591 1648 2634 20
1742 2590 1795 2632 20
1814 2590 1882 2632 Ps.
1904 2590 1997 2639 131,
2015 2589 2040 2630 6

13 2772 22 2784 ι
199 2746 222 2789 1
261 2742 369 2802 siue]
407 2744 479 2788 uel
509 2745 546 2790 0
730 2745 789 2789 ad
824 2745 1204 2790 hanc—transitor
1240 2759 1319 2789 om.
1355 2745 1434 2789 OB
1613 2742 1948 2787 HEPUCTHC
1986 2742 2045 2784 W

13 2806 22 2854 ε’
87 2818 367 2863 ITEPTNC'
401 2819 448 2862 X
570 2818 722 2876 atque]
760 2819 850 2863 siue
889 2834 914 2874 ς
1038 2821 1064 2864 3
1101 2833 1189 2876 qua
1223 2820 1270 2862 X
1393 2817 1598 2875 psamilta
1636 2818 1688 2860 W
1724 2817 1964 2873 psalmysta
2002 2814 2042 2858 Ω

26 2922 30 2924 -
90 2892 116 2936 6
141 2891 238 2949 1100]
265 2906 320 2936 110
343 2893 379 2937 0
401 2895 453 2947 ¹et
481 2892 520 2935 Β
642 2892 932 2950 ingemiscunt
957 2894 1003 2936 X
1029 2892 1226 2936 —iscant
1249 2893 1284 2936 O
1399 2892 1424 2935 8
1446 2890 1685 2935 tabernacli
1714 2891 1752 2933 Β
1865 2890 1891 2932 9
1914 2902 2040 2945 super

84 2965 235 3023 uerbo]
252 2967 437 3024 superbo
454 2966 500 3009 X
611 2966 881 3010 transsitioni
901 2968 954 3011 W
1067 2968 1120 3010 10
1134 2967 1204 3010 uel
1218 2965 1265 3009 in
1285 2966 1337 3010 W
1443 2967 1492 3009 11
1515 2968 1560 3008 et
1576 2963 1758 3022 profecti
1775 2989 1829 2994 —
1844 2977 1888 3018 p.
1905 2963 1970 3013 77,
1986 2962 2038 3003 25

19 3027 31 3098 ᾖ
85 3038 179 3084 filio
211 3040 312 3095 solio
343 3040 499 3084 amisso
531 3040 743 3096 perierant
773 3041 822 3084 in
853 3039 893 3084 Ω
1043 3041 1205 3084 ebrona
1232 3041 1267 3084 Ο
1298 3039 1489 3083 hebrena
1524 3039 1562 3081 B
1723 3039 1773 3080 13
1806 3036 1952 3091 lingua
1988 3035 2038 3076 W

23 3116 34 3165 ᾖ
86 3112 361 3161 dedolatione
399 3113 434 3170 (i
452 3114 581 3170 s.z.B)
617 3115 696 3159 OB
918 3116 970 3158 14
1010 3112 1052 3161 Ξ
1057 3113 1410 3158 YAAKICMOI
1453 3112 1499 3155 Χ
1543 3109 1585 3158 Ξ
1590 3108 1944 3154 YAUKIC'MOI
1986 3108 2037 3150 W

23 3179 39 3254 g
88 3183 496 3234 ΞΥΛΑΚΙΟΜΙΑ
533 3187 572 3230 Β
611 3187 906 3245 gyaakimmia
937 3188 973 3250 0
1009 3186 1290 3242 {montom
1324 3201 1348 3240 ς
1385 3185 1587 3229 ANPOG
1621 3186 1665 3227 X
1711 3181 1949 3227 ONAPoc
1985 3181 2049 3223 W

85 3260 170 3304 AA
195 3275 301 3318 apos
330 3261 370 3305 B
394 3275 538 3305 maros
560 3262 596 3306 0
710 3262 762 3305 15
789 3260 832 3305 ai
858 3275 882 3315 ς
1010 3261 1148 3318 gemel
1175 3261 1227 3304 W
1359 3259 1413 3303 16
1439 3259 1553 3302 unde
1581 3262 1625 3301 et
1647 3258 1682 3301 Ο
1815 3256 1859 3298 111
1886 3268 1963 3298 om.
1997 3254 2038 3295 Β

18 3343 37 3395 ².
85 3334 223 3378 seduli
245 3335 306 3392 et]
331 3334 539 3379 seduliter
564 3335 617 3378 W
779 3334 1005 3391 diligentes
1032 3335 1222 3387 W,Xa.c.
1368 3335 1417 3376 17
1446 3333 1640 3375 dolantes
1666 3329 1957 3383 facientesque
1985 3327 2038 3369 W

20 3394 35 3444 ἶ
86 3407 140 3451 19
154 3411 338 3465 possunt
352 3423 432 3453 om.
450 3409 503 3452 W
614 3407 720 3465 ligni
745 3407 1033 3453 dolationesO
1048 3407 1202 3465 lignati
1225 3420 1326 3463 opes
1346 3407 1383 3448 Β
1496 3404 1596 3447 uiris
1613 3404 1773 3447 saltiun
1793 3403 1830 3444 Β
1966 3399 2038 3456 ac]

20 3473 40 3533 -}
86 3480 145 3525 ad
177 3482 230 3526 W
374 3484 424 3526 21
460 3492 562 3526 eam·
585 3482 621 3526 Ο
654 3495 754 3525 011111
787 3482 887 3525 WX
918 3494 970 3525 ea
1003 3482 1043 3524 Β
1181 3479 1323 3536 campi
1360 3479 1409 3522 W
1550 3476 1706 3519 XVIII
1738 3476 1781 3518 X
1815 3474 1947 3517 XVII
1983 3473 2035 3516 W

0 3551 38 3614 ,ἑ
86 3555 138 3599 22
155 3554 370 3613 descripta
387 3570 412 3610 ς
518 3556 744 3612 cathalogo
763 3556 808 3599 X
922 3554 968 3598 in
983 3553 1192 3612 superiori
1208 3554 1260 3597 W
1263 3553 1321 3605 ,X
1336 3551 1404 3608 (in
1421 3552 1532 3606 exp.)
1647 3551 1698 3592 23
1715 3561 1802 3591 non
1819 3559 2048 3604 coponun·-

0 3622 38 3674 ἱ
86 3629 159 3671 tur
190 3628 286 3686 (sie)
321 3629 360 3672 B
