2528 4186
437 315 539 366 122
1115 319 1321 364 Sancti
1358 319 1707 376 Hieronymi

434 477 642 531 sancto?
681 477 803 546 quid
836 477 898 529 de
932 475 1096 528 carnis
1129 473 1532 526 resurrectione?
1570 474 1694 543 quid
1726 475 1790 527 de
1823 471 2024 528 animae
2055 479 2199 528 statu
2231 480 2390 546 atque
2463 475 2469 480 ’

433 558 756 613 substantia?
811 557 1027 626 simplex
1077 555 1443 624 interpretatio
1498 560 1655 624 atque
1707 556 1946 609 doctrina
1996 556 2214 626 simplici
2263 547 2389 611 uoce

431 641 648 693 laudata
685 644 777 691 est.
816 638 945 691 nihil
978 637 1051 689 ibi
1088 637 1151 688 de
1189 636 1310 700 fide,
1349 635 1479 689 nihil
1514 637 1578 689 de
1615 637 1948 705 dogmatibus
1984 638 2390 707 conprehensum

433 727 525 774 est.
565 720 773 773 moralis
811 724 1021 771 tantum
1059 722 1322 769 tractatur
1358 717 1500 770 locus
1541 722 1594 770 et
1633 717 1901 787 allegoriae
1938 717 2176 771 nubilum
2213 736 2392 772 serena

374 822 396 858 2
433 802 751 871 expositione
813 799 1105 852 discutitur.
1168 798 1383 851 laudaui
1442 798 1795 868 interpretem,
1858 816 1965 853 non
2023 799 2388 868 dogmatisten,
2423 817 2446 853 5

431 883 705 952 ingenium,
736 898 840 933 non
869 881 1045 944 fidem,
1076 879 1458 948 philosophum,
1489 897 1596 933 non
1626 880 1936 950 apostolum.
1981 881 2166 950 quodsi
2203 881 2390 934 uolunt

431 981 582 1033 super
607 963 821 1030 Origene
843 978 1018 1013 meum
1042 961 1168 1013 scire
1191 960 1457 1026 iudicium,
1484 961 1660 1030 legant
1683 962 1738 1014 in
1761 961 2110 1015 Ecclesiasten
2133 979 2390 1017 commen-

429 1045 604 1108 tarios,
635 1043 882 1112 replicent
910 1043 965 1094 in
995 1042 1272 1111 epistulam
1304 1042 1370 1094 ad
1399 1042 1650 1112 Ephesios
1681 1043 1786 1097 tria
1813 1043 2095 1108 uolumina,
2112 1047 2165 1096 et
2192 1042 2390 1097 intelle-

428 1131 549 1195 gent
584 1142 665 1177 me
702 1140 899 1193 semper
936 1124 1040 1176 eius
1078 1123 1411 1191 dogmatibus
1449 1129 1632 1177 contra
1664 1124 1779 1177 isse.
1821 1141 1952 1194 quae
1989 1124 2126 1177 enim
2161 1125 2391 1178 stultitia
2514 1184 2517 1189 ,

430 1212 507 1259 est
537 1207 607 1259 sic
639 1206 848 1258 alicuius
878 1205 1089 1256 laudare
1119 1204 1428 1269 doctrinam,
1461 1210 1522 1257 ut
1552 1206 1780 1274 sequaris
1812 1210 1865 1258 et
1893 1205 2301 1275 blasphemiam?
2335 1210 2388 1259 et
2424 1220 2476 1258 ιο
2508 1212 2517 1275 53

430 1288 615 1340 beatus
651 1286 934 1355 Cyprianus
968 1285 1288 1338 Tertulliano
1312 1285 1562 1355 magistro
1595 1287 1780 1351 utitur,
1814 1291 1877 1339 ut
1909 1287 2016 1340 eius
2049 1287 2243 1356 scripta
2272 1303 2390 1356 pro-
2513 1284 2516 1287 ⁴

430 1370 581 1432 bant3
610 1384 829 1435 cumque
855 1367 1046 1419 eruditi
1070 1371 1121 1419 et
1148 1367 1377 1420 ardentis
1402 1368 1503 1420 uiri
1527 1367 1812 1421 delectetur
1834 1367 2054 1437 ingeniO,
2080 1368 2392 1422 Montanum

431 1467 546 1502 cum
596 1466 653 1501 eo
702 1448 1146 1517 Maximillamque
1193 1463 1300 1502 non
1350 1449 1598 1518 sequitur.
1649 1449 1955 1503 fortissimos
2002 1449 2159 1502 libros
2208 1453 2393 1502 contra

427 1530 772 1599 Porphyrium
815 1530 1018 1599 scripsit
1060 1529 1389 1599 Apollinaris,
1445 1530 1844 1583 ecclesiasticam
1883 1530 2095 1604 pulchre
2136 1530 2390 1584 Eusebius

425 1611 690 1664 historiam
714 1611 907 1675 texuit,
935 1611 1064 1663 alter
1089 1607 1266 1664 eorum
1290 1612 1619 1664 dimidiatam
1644 1612 1834 1666 Christi
1855 1611 2140 1665 introducit
2172 1613 2385 1665 οἰκονο-
2422 1626 2471 1665 15
2511 1640 2512 1645 =

369 1711 390 1745 3
437 1696 586 1761 μίᾳν,
618 1692 746 1744 alter
768 1692 1035 1762 inpietatis
1050 1693 1186 1745 Arrii
1200 1693 1552 1762 apertissimus
1569 1698 1923 1763 propugnator
1945 1698 2037 1746 est;
2064 1710 2195 1758 uae,
2220 1692 2393 1762 inquit
2504 1725 2508 1745 2

426 1774 623 1838 Esaias,
665 1774 771 1842 qui
814 1774 1040 1826 dicunt
1076 1774 1314 1826 bonum
1350 1774 1584 1827 malum
1623 1779 1682 1827 et
1717 1774 1952 1827 malum
1986 1774 2238 1839 bonum,
2279 1773 2387 1843 qui
2440 1766 2443 1769 ”

429 1855 679 1908 faciunt
714 1872 997 1907 amarum
1031 1855 1214 1908 dulce
1249 1860 1310 1908 et
1343 1855 1526 1908 dulce
1561 1873 1859 1909 amarum.
1895 1872 1990 1909 nec
2023 1855 2171 1909 bonis
2207 1855 2391 1908 aduer-

428 1937 692 1999 sariorum,
730 1936 772 1988 s'i
805 1936 1082 1989 honestum
1119 1936 1243 2005 quid
1277 1937 1573 2002 habuerint,
1610 1937 1991 1991 detrahendum
2025 1942 2104 1990 est
2135 1953 2230 1990 nec
2264 1936 2391 1989 ami·
2506 1988 2508 1992 ,

431 2034 605 2070 corum
654 2017 919 2070 laudanda
968 2023 1091 2071 sunt
1140 2018 1275 2070 uitia
1325 2023 1377 2071 et
1426 2018 1836 2087 unumquodque
1884 2035 1990 2071 non
2037 2034 2387 2088 personarum,
2423 2026 2508 2072 20'

430 2099 517 2151 sed
558 2115 728 2151 rerum
770 2099 996 2168 pondere
1037 2099 1377 2161 iudicandum
1421 2105 1515 2153 est.
1558 2100 1827 2152 mordetur
1869 2104 1922 2152 et
1963 2099 2206 2164 Lucilius,
2252 2099 2391 2168 quod

427 2179 749 2248 inconposito
787 2185 961 2232 currat
996 2181 1142 2249 pede,
1183 2185 1236 2233 et
1283 2185 1465 2234 tamen
1502 2181 1630 2234 sales
1669 2181 1775 2234 eius
1810 2181 2056 2250 leposque
2090 2180 2388 2234 laudantur.

503 2287 509 2289 -
557 2264 602 2315 3.
642 2262 783 2315 Dum
810 2279 972 2316 essem
996 2263 1214 2328 iuuenis,
1241 2264 1373 2316 miro
1401 2263 1633 2317 discendi
1669 2263 1868 2316 ferebar
1895 2264 2075 2317 ardore
2110 2280 2206 2316 nec
2240 2263 2393 2317 iuxta

430 2344 754 2411 quorundam
778 2345 1256 2413 praesumptionem
1280 2345 1390 2414 ipse
1413 2362 1497 2398 me
1522 2345 1690 2398 docui.
1735 2345 2087 2415 Apollinarem
2146 2345 2390 2398 Laodice-

2527 1123 2528 1130 ᾼ
2512 1030 2519 1078 ⁴-
2513 987 2519 996 .
2506 632 2528 940 ,ΛεμῃρὴιεμΑ-..ηρ
2510 503 2528 602 *·'<-0..:
2515 463 2518 466 Δ
2512 419 2516 429 -
2512 387 2513 391 Α

535 2492 557 2533 7
583 2489 627 2532 in
646 2489 765 2533 Eccl.
792 2491 967 2547 comm]
992 2491 1067 2534 sed
1091 2492 1143 2535 cf.
1173 2492 1525 2544 Gruetzmacher,
1549 2491 1842 2549 Hieronymus
1873 2492 1920 2535 II
1944 2492 1999 2536 53
2138 2493 2164 2536 8
2190 2491 2236 2535 in
2257 2491 2385 2549 epist.

426 2563 482 2606 ad
499 2563 657 2619 Ephes.
681 2564 765 2607 tria
787 2564 897 2621 uol.]
925 2565 978 2608 cf.
1011 2566 1362 2618 Gruetzmacher,
1392 2566 1685 2623 Hieronymus
1724 2566 1770 2609 II
1803 2567 1858 2610 40
1981 2566 2033 2610 16
2071 2564 2213 2610 *Esar
2249 2566 2291 2618 5,
2329 2566 2383 2610 20

427 2638 475 2680 21
507 2638 560 2680 cf.
592 2638 745 2681 Horat.
775 2642 855 2682 sat.
889 2639 909 2681 I
936 2640 1003 2691 10,
1032 2641 1054 2683 1
1084 2653 1147 2696 sq.

534 2740 559 2783 5
574 2740 797 2784 discutitG
867 2742 1176 2799 dogmatistem
1192 2743 1483 2799 B1,B2p.c.m2
1568 2745 1594 2788 6
1606 2758 1672 2800 pr.
1687 2756 1778 2786 non
1791 2757 1870 2787 om.
1887 2743 1933 2787 N
2002 2746 2026 2789 7
2042 2742 2333 2787 ecclesiastem
2348 2743 2387 2788 21

429 2815 454 2857 8
469 2813 516 2857 in
533 2828 611 2857 om.
634 2815 677 2857 N
867 2816 969 2872 epla
985 2818 1098 2860 codd.
1117 2821 1280 2873 praeter
1309 2818 1384 2862 GQI
1571 2817 1830 2874 intellegant
1845 2818 1891 2861 N
2079 2818 2105 2862 9
2122 2830 2233 2874 quae
2250 2817 2384 2875 enim]

428 2887 531 2943 quia
547 2901 625 2942 seq.
646 2902 726 2931 γαε.
750 2889 806 2930 B1
936 2891 988 2933 10
1006 2891 1199 2947 sequaris
1216 2892 1255 2936 Ἡ
1275 2883 1306 2933 ᾗ
1323 2891 1468 2948 (eraS.)
1486 2905 1643 2948 sequar
1657 2892 1692 2947 Q
1715 2905 1874 2948 sequar
1888 2894 1962 2936 cet.
2057 2890 2328 2949 blasphemia
2341 2891 2387 2935 N

428 2963 448 3003 1
458 2962 478 3003 1
498 2961 599 3017 cipr.
616 2962 701 3006 ἩΝ
705 2963 743 3004 Β
856 2964 1090 3007 tertuliano
1105 2965 1224 3021 211342
1354 2966 1516 3022 probat
1525 2966 1561 3022 Q
1688 2967 1740 3009 12
1753 2965 1931 3022 eruditi]
1946 2964 2084 3010 critici
2096 2965 2200 3022 (non
2212 2963 2385 3018 eristici,

424 3038 469 3077 ut
490 3035 736 3079 Vallarsius
753 3038 938 3093 putaffll
1021 3038 1316 3082 ardentissimi
1335 3039 1392 3082 Bl
1500 3039 1743 3083 delectatur
1763 3039 1971 3083 B2a.0.m2
1991 3039 2182 3083 delectur
2199 3039 2380 3092 D,Na.c.

426 3110 475 3151 13
508 3113 553 3151 et
584 3109 868 3153 maximillam
902 3111 958 3153 B1
1103 3114 1155 3156 14
1187 3113 1341 3157 scribit
1370 3115 1412 3157 D
1563 3113 1843 3171 appollinaris
1872 3113 1909 3157 G
1939 3111 2329 3170 Ap(pp)ollinarius
2362 3127 2388 3168 ς

425 3183 568 3237 pulcre
590 3183 630 3225 D
744 3184 795 3227 15
816 3187 902 3227 tex.
926 3185 1122 3229 istoriam
1146 3186 1202 3228 B2
1317 3190 1478 3230 texunt
1499 3187 1537 3232 Ἡ
1662 3186 1912 3231 introduxit
1937 3201 1962 3242 ς
2087 3186 2383 3231 oeconomiam

424 3256 437 3303 (
443 3269 491 3297 oe
517 3270 568 3298 em
593 3270 642 3299 ae
671 3258 928 3313 B²)G21NB2
956 3259 1225 3303 economiam
1254 3261 1311 3303 Β1
1426 3262 1478 3305 16
1508 3275 1588 3305 uae
1607 3261 1680 3317 GQ
1700 3274 1753 3304 ue
1775 3264 1846 3305 cet.
1963 3262 2015 3305 17
2029 3259 2120 3305 isai.
2141 3261 2176 3317 Q
2196 3260 2303 3317 isay.
2329 3261 2387 3304 B1

424 3328 526 3382 ysai.
555 3330 610 3371 132
791 3332 862 3374 alt.
886 3332 1067 3389 bonum]
1090 3335 1184 3377 add.
1209 3338 1254 3377 et
1277 3349 1301 3388 ς
1485 3336 1540 3379 18
1561 3335 1634 3379 alt.
1658 3334 1815 3392 aman]
1838 3334 1886 3377 in
1907 3348 2042 3378 amar.
2069 3337 2332 3378 conuertunt
2349 3334 2386 3390 Q

428 3404 477 3443 31
508 3403 644 3446 lucius
668 3405 708 3446 D
731 3403 866 3448 lutius
886 3406 921 3461 Q
1059 3407 1176 3463 quod
1201 3411 1246 3450 et
1272 3408 1329 3450 B2
1471 3410 1524 3452 22
1548 3408 1756 3466 lepusque
1780 3410 1822 3452 D
1844 3409 2095 3465 leporesque
2118 3408 2315 3465 (oresque
2336 3407 2387 3451 in

429 3489 507 3517 ms.
542 3477 671 3531 m2)B
784 3480 837 3522 23
867 3479 1065 3523 ferbebar
1095 3481 1239 3537 (sic)N
1352 3481 1469 3525 iusta
1496 3482 1542 3525 N
1658 3484 1711 3526 24
1740 3481 2058 3540 Apollinarium
2088 3496 2113 3536 ς
2225 3480 2382 3526 laudic.

422 3550 584 3590 (ia.c.N
613 3550 778 3594 laudoc.
809 3553 849 3594 D
870 3553 1000 3595 laudo
1028 3554 1340 3598 anthiocenum
1363 3555 1399 3611 Q
