2528 4186
410 373 485 425 76
1089 357 1297 426 Sancti
1332 377 1711 436 Hieronymi?

479 536 557 590 35.
590 536 669 589 Et
707 535 978 606 profecti
1013 535 1083 587 de
1111 534 1342 587 Asion-
1369 533 1569 587 Gaber
1603 537 1811 584 castra
1853 531 2077 585 metati
2117 532 2368 587 suntin

412 619 662 671 deserto
702 617 828 682 Sin,
865 618 1014 669 haec
1049 620 1142 668 est
1170 615 1375 668 Gades,

487 700 777 763 Quaeritur,
808 715 896 751 cur
926 702 1114 751 octaua
1140 696 1339 748 mansio
1367 710 1505 748 nunc
1531 692 1793 746 tricesima
1828 694 1988 746 tertia
2014 710 2121 747 esse
2146 694 2366 748 dicatur.

367 814 374 819 -
414 781 504 833 sed
539 781 819 844 sciendum,
861 779 1000 847 quod
1035 778 1172 847 prior
1209 793 1299 846 per
1336 776 1543 828 samech
1577 775 1810 828 litteram
1846 774 2086 828 scribitur
2121 775 2370 845 interpre-

411 867 659 931 taturque
677 860 867 914 ‘rubus‘
883 860 989 912 siue
1009 858 1235 921 ‘odium‘,
1252 858 1378 909 haec
1392 862 1570 909 autem
1582 873 1671 926 per
1691 856 1814 911 sade
1828 861 1880 909 et
1892 857 2115 910 uertitur
2133 857 2187 911 in
2210 857 2371 911 ‘man—
2402 873 2424 910 5

413 943 631 996 datum‘.
665 943 909 1010 illudque,
946 940 1085 1009 quod
1103 939 1349 1007 iungitur,
1373 938 1533 991 Gades
1564 954 1685 1003 non,
1718 943 1779 991 ut
1810 938 2039 1008 plerique
2072 937 2368 1003 aestimant,

348 1050 353 1076 :
415 1024 629 1087 ‘sancta‘
652 1024 854 1087 dicitur,
878 1022 968 1075 sed
992 1019 1232 1073 ‘mutata‘
1254 1020 1361 1072 siue
1385 1019 1689 1074 ‘translata‘.
1714 1020 1929 1088 legimus
1944 1020 1999 1074 in
2014 1017 2203 1073 Genesi
2221 1020 2374 1074 iuxta

413 1106 725 1158 Hebraicam
756 1104 1050 1166 ueritatem,
1084 1102 1175 1155 ubi
1208 1101 1364 1154 Iudas
1396 1101 1720 1155 meretricem
1750 1106 1944 1170 putans
1978 1101 2205 1154 Thamar
2236 1101 2375 1156 dona

411 1186 727 1239 transmittit
742 1190 793 1238 et
807 1188 1068 1254 sequester
1081 1199 1355 1236 munerum
1380 1183 1689 1252 interrogat:
1716 1201 1752 1236 u
1764 1183 1830 1236 bi
1849 1200 1875 1236 e
1891 1201 1914 1236 s
1926 1188 1951 1236 t
1973 1199 2000 1236 c
2015 1199 2046 1235 a
2060 1183 2094 1236 d
2108 1200 2134 1236 e
2147 1200 2169 1236 s
2185 1181 2253 1236 a?
2275 1183 2374 1236 hoc

414 1274 491 1320 est
516 1266 794 1330 ‘scortum‘,
821 1267 963 1319 cuius
978 1265 1187 1317 habitus
1213 1281 1243 1317 a
1265 1265 1445 1317 ceteris
1459 1264 1662 1318 feminis
1684 1265 1976 1318 inmutatus
2000 1269 2092 1318 est.
2117 1265 2174 1317 in
2194 1264 2373 1317 multis

415 1366 619 1417 quoque
646 1349 767 1401 locis
797 1348 894 1400 hoc
916 1347 1055 1399 idem
1075 1346 1408 1415 repperimus,
1441 1347 1521 1399 sin
1543 1350 1720 1399 autem
1745 1345 1960 1400 ‘sancta‘
1981 1347 2372 1415 interpretatur,

412 1428 556 1481 κατὰ
598 1429 926 1499 ἀντίφρασιν
958 1427 1375 1495 intellegendum,
1413 1428 1671 1497 quomodo
1701 1428 1894 1480 Parcae
1923 1427 2167 1480 dicuntur
2193 1427 2259 1480 ab
2293 1444 2369 1491 e0‚

415 1511 553 1579 quod
585 1510 796 1562 minime
830 1515 1064 1579 parcant,
1102 1514 1154 1561 et
1188 1509 1396 1574 bellum,
1435 1510 1576 1578 quod
1608 1525 1943 1579 nequaquam
1975 1509 2170 1562 bellum
2203 1509 2287 1573 sit,
2323 1513 2375 1561 et

412 1592 572 1656 lucuS,
604 1592 743 1661 quod
768 1591 979 1644 minime
1006 1591 1193 1643 luceat.
1222 1591 1278 1644 in
1303 1590 1400 1643 hac
1426 1581 1693 1644 mansione
1720 1591 1939 1644 moritur
1965 1590 2130 1643 Maria
2157 1594 2209 1643 et
2235 1582 2376 1660 sepe-

411 1673 536 1725 litur
568 1679 620 1725 et
650 1677 862 1742 propter
907 1689 1068 1741 aquas
1114 1672 1540 1726 contradictionis
1574 1672 1776 1741 Moyses
1810 1676 1862 1725 et
1894 1672 2069 1726 Aaron
2101 1671 2377 1725 offendunt
2413 1685 2460 1724 15
2491 1694 2511 1701 ·<

412 1753 679 1806 dominum
713 1759 764 1806 et
798 1754 1138 1823 prohibentur
1182 1753 1402 1807 transire
1448 1754 1706 1808 Iordanen
1755 1753 2026 1823 missisque
2070 1753 2270 1808 nuntiis
2310 1752 2379 1807 ad

411 1835 580 1888 Edom
618 1836 872 1889 transitus
913 1836 1111 1905 petitur
1150 1852 1244 1888 nec
1282 1836 1593 1904 inpetratum
1639 1836 1750 1905 quis
1790 1835 2001 1890 timeret
2039 1839 2159 1904 post
2197 1838 2378 1888 tantos

410 1917 670 1986 profectus
696 1933 929 1969 murmur
953 1916 1134 1986 populi
1157 1922 1209 1969 et
1236 1916 1490 1970 offensam
1513 1918 1882 1986 magistrorum
1907 1922 1959 1970 et
1983 1917 2099 1970 uiae
2122 1915 2377 1973 transitus

346 2036 351 2038 -
411 1999 720 2067 denegatos?
757 1999 965 2051 uidetur
999 1998 1127 2050 mihi
1159 1999 1214 2051 in
1247 1999 1412 2051 Maria
1444 1998 1721 2068 prophetia
1754 2003 1977 2064 mortua,
2025 1999 2080 2052 in
2113 1998 2291 2067 Moyse
2325 2002 2379 2050 et

410 2081 583 2132 Aaron
604 2081 703 2149 legi
726 2084 778 2132 et
811 2080 1099 2133 sacerdotio
1125 2079 1436 2133 Iudaeorum
1458 2080 1576 2133 finis
1598 2081 1871 2150 inpositus,
1901 2080 2050 2149 quod
2070 2096 2164 2132 nec
2185 2079 2285 2148 ipsi
2307 2079 2375 2132 ad

408 2167 601 2214 terram
621 2161 1027 2230 repromissionis
1049 2162 1413 2215 transcendere
1441 2162 1653 2215 ualeant
1686 2178 1780 2215 nec
1802 2162 2100 2215 credentem
2120 2160 2374 2230 populum

410 2244 472 2295 de
497 2243 774 2295 solitudine
799 2244 951 2295 huius
976 2243 1159 2296 mundi
1184 2243 1412 2297 educere.
1442 2248 1494 2296 et
1518 2248 1662 2308 nota,
1703 2243 1843 2312 quod
1866 2247 1986 2313 post
2010 2248 2234 2296 mortem
2256 2258 2373 2311 pro-

409 2325 616 2393 phetiae
634 2330 685 2376 et
704 2341 864 2393 aquas
884 2325 1308 2377 contradictionis
1330 2325 1638 2377 Idumaeum
1661 2341 1905 2378 carneum
1936 2329 2094 2394 atque
2110 2330 2375 2378 terrenum

311 2430 316 2439 ·
408 2407 627 2458 transire
653 2423 758 2458 non
783 2407 983 2475 possint
1010 2411 1062 2459 et
1090 2423 1207 2459 cum
1233 2407 1411 2459 multis
1438 2407 1674 2476 precibus
1703 2412 1755 2459 et
1782 2412 1975 2460 conatu
2001 2407 2143 2459 uiam
2167 2422 2274 2458 non
2297 2405 2373 2458 in-

526 2583 546 2625 1
570 2581 726 2625 *Num
745 2583 813 2634 33,
830 2583 884 2626 36
1019 2608 1022 2611 <
1079 2582 1105 2626 5
1125 2582 1179 2627 cf.
1202 2596 1242 2638 p.
1264 2583 1332 2635 59,
1355 2552 1406 2626 21
1605 2581 1659 2626 cf.
1683 2581 1839 2626 Onom.
1863 2596 1896 2626 s.
1921 2581 1988 2633 15,
2012 2581 2053 2633 13
2077 2581 2144 2633 71,
2165 2580 2207 2634 93
2228 2581 2296 2633 81,
2319 2582 2371 2625 17

414 2656 437 2698 7
470 2654 523 2699 cf.
559 2655 713 2700 Onom.
749 2670 779 2700 s.
814 2658 852 2707 4,
888 2658 929 2708 43
965 2657 1030 2709 12,
1066 2657 1132 2709 18;
1167 2658 1234 2708 17,
1266 2658 1308 2709 3;
1343 2656 1409 2708 26,
1442 2658 1484 2708 4;
1520 2657 1587 2708 48,
1623 2657 1689 2708 12;
1725 2656 1792 2708 57,
1826 2657 1852 2700 6
1991 2655 2017 2698 9
2047 2654 2183 2699 *Gen
2215 2656 2284 2707 38,
2317 2656 2368 2699 21

414 2730 466 2772 14
497 2729 551 2771 cf.
582 2729 713 2772 Num.
747 2731 812 2781 20,
844 2731 866 2773 1
1022 2731 1075 2774 15
1105 2731 1159 2774 cf.
1190 2732 1322 2775 Num.
1355 2732 1422 2782 20,
1457 2731 1622 2775 12-13
1772 2730 1824 2774 16
1856 2730 1910 2773 cf.
1941 2730 2074 2774 Num.
2109 2730 2176 2782 20,
2208 2730 2371 2774 14—21

416 2803 467 2846 18
488 2803 541 2846 cf.
561 2804 692 2847 Num.
714 2805 779 2855 20,
802 2804 909 2847 2—5
1006 2806 1056 2848 21
1078 2805 1131 2848 cf.
1153 2805 1287 2850 Hebr.
1309 2806 1375 2857 11,
1395 2805 1420 2848 9
1534 2806 1587 2849 23
1606 2803 1660 2849 cf.
1682 2804 1816 2849 Num.
1839 2805 1906 2856 20,
1930 2805 1982 2848 18

525 2951 547 2993 1
578 2964 754 3008 asyong.
783 2952 818 2995 Ο
847 2951 979 3009 siong.
1014 2953 1143 2997 Wass.
1292 2955 1317 2996 2
1348 2966 1431 3009 syn
1455 2953 1490 2997 Ο
1634 2955 1700 2996 est
1729 2966 1808 2997 om.
1840 2952 1894 2996 W
2035 2953 2062 2995 4
2089 2951 2176 2996 litt.
2207 2965 2286 2995 om.
2321 2950 2374 2995 W

408 3027 461 3067 ‹et
477 3023 654 3081 interpr.
671 3025 706 3068 Ο
819 3026 844 3068 5
863 3026 982 3083 sade]
1002 3040 1045 3070 se
1067 3027 1106 3070 Β
1236 3030 1281 3070 et
1298 3041 1376 3071 om.
1393 3027 1429 3071 O
1559 3025 1803 3070 deuertitur
1823 3026 1862 3069 Β
1994 3026 2021 3069 6
2036 3025 2303 3070 exestimant
2320 3024 2374 3069 W

415 3100 437 3140 7
478 3098 646 3155 sancta]
686 3112 828 3142 escam
868 3100 921 3143 W
1052 3101 1078 3144 8
1115 3103 1259 3145 tamar
1298 3101 1338 3144 Β
1432 3103 1435 3106 ’
1473 3101 1499 3144 9
1538 3100 1781 3144 transmisit
1821 3114 1846 3154 ς
1972 3113 2204 3143 numerum
2241 3099 2366 3154 Xp.c.

410 3171 708 3228 interrogabat
727 3173 778 3216 W
847 3173 1023 3217 cadessa
1038 3174 1076 3216 Β
1094 3175 1279 3219 cadesan
1296 3175 1345 3231 (n
1360 3174 1453 3219 add.
1473 3174 1560 3231 m2)
1579 3175 1625 3218 X
1690 3174 1762 3218 hic
1779 3175 1904 3230 Xp.0.
1977 3174 2031 3218 10
2049 3187 2115 3229 pr.
2134 3175 2202 3217 est
2217 3186 2297 3217 om.
2319 3172 2374 3218 W

414 3259 438 3287 a
459 3259 536 3288 om.
562 3246 614 3289 W
727 3248 776 3290 11
799 3247 967 3304 sancta]
986 3248 1146 3292 sladd.
1171 3249 1297 3292 cades
1316 3250 1361 3292 X
1382 3262 1525 3293 escam
1546 3249 1599 3292 W
1714 3250 1766 3292 12
1786 3246 2293 3293 ΚΠΟΓΑΜΦΡΑΟΙΝ
2319 3246 2374 3291 W

416 3332 489 3374 per
513 3320 650 3363 katha
675 3320 904 3364 antifrasin
919 3322 978 3377 Ο,-
996 3322 1089 3366 add.
1114 3326 1180 3365 est
1203 3337 1227 3376 ς
1323 3336 1495 3380 quoque
1516 3322 1646 3366 modo
1671 3322 1710 3365 B
1804 3322 1962 3380 parche
1987 3322 2042 3366 W
2135 3320 2294 3365 dicitur
2318 3320 2372 3365 W

419 3393 467 3435 15
495 3407 655 3448 aquam
675 3395 720 3437 X
813 3408 952 3438 moses
976 3395 1028 3438 W
1123 3397 1174 3440 16
1195 3396 1419 3440 iordanem
1435 3397 1514 3441 OB
1622 3398 1672 3441 17
1698 3396 1861 3453 petitus
1887 3396 1941 3440 W
2033 3395 2294 3453 impetratus
2319 3394 2373 3439 W

418 3465 512 3519 quis
526 3480 612 3508 non
625 3468 669 3509 X
682 3467 757 3523 qui
769 3467 805 3511 si
820 3469 857 3511 Β
872 3469 989 3525 quod
1003 3469 1082 3513 siO
1196 3471 1248 3514 18
1262 3470 1449 3514 offensas
1462 3470 1552 3527 (alt.
1568 3485 1586 3514 s
1601 3483 1653 3513 ex
1665 3472 1705 3527 e)
1721 3470 1774 3514 W
1887 3470 1940 3514 19
1953 3470 2191 3526 denegatus
2204 3467 2372 3512 Xa.c.B

420 3538 655 3594 denegatur
677 3542 728 3583 W
806 3556 924 3586 mose
947 3543 999 3586 W
1078 3544 1131 3586 20
1152 3547 1196 3587 et
1215 3544 1325 3587 s.l.B
1420 3545 1470 3588 21
1493 3544 1672 3602 terram]
1693 3543 1886 3588 litteram
1911 3544 1950 3587 B
2033 3541 2308 3587 transcedere
2327 3542 2374 3587 X

420 3613 701 3656 trancendere
743 3615 780 3656 Β
894 3620 1155 3660 crescentem
1193 3618 1318 3673 Xp.e.

2409 1278 2528 1335 ιο,

2406 2091 2459 2130 20

2525 1524 2528 1622 i
