2482 4230
402 322 509 396 >400
1095 358 1301 403 Sancti
1339 359 1685 417 Hieronymi

408 531 461 565 m
482 530 507 565 e
528 529 562 563 n
583 518 606 564 t
627 512 644 564 i
666 529 693 564 o
716 529 756 576 r,
802 529 906 565 non
931 519 1110 566 tamen
1136 511 1390 566 ueraciter
1415 513 1691 578 scribebat,
1720 514 2005 568 sednescio
2035 533 2137 586 qua
2164 518 2369 588 dispen-

407 594 602 647 satoria
640 593 967 651 simulatione
1007 593 1239 658 fallebat,
1279 593 1470 647 uidisse
1510 611 1560 647 se
1601 596 1815 649 Petrum
1854 601 1907 648 et
1947 599 2226 652 Barnaban
2264 617 2369 654 non

405 680 544 728 recte
562 675 907 744 ingredientes
932 676 1000 729 ad
1023 675 1302 729 ueritatem
1319 675 1573 745 euangelii
1592 694 1651 730 ac
1670 679 1824 731 Petro
1843 678 1897 730 in
1916 677 2102 732 faciem
2119 679 2368 735 restitisse

405 773 512 810 non
548 758 614 811 ob
650 757 809 822 aliud,
845 757 943 810 nisi
981 757 1120 825 quod
1154 761 1333 826 gentes
1369 763 1573 828 cogeret
1607 757 1906 812 iudaizare?

540 839 584 891 5.
624 836 711 892 ‘At
741 838 879 892 enim
912 838 1073 892 satius
1106 844 1185 892 est
1217 838 1420 891 credere
1453 839 1751 909 apostolum
1779 842 2002 894 Paulum
2034 841 2234 911 aliquid
2264 859 2369 896 non
2452 830 2461 899 f

406 935 526 971 uere
559 920 834 990 scripsisse,
871 937 1028 989 quam
1059 920 1357 990 apostolum
1388 921 1604 974 Petrum
1634 937 1739 975 non
1771 927 1908 975 recte
1942 922 2140 992 aliquid
2171 923 2368 992 egisse.‘

407 1000 506 1053 hoc
531 1001 574 1053 si
599 1001 674 1055 ita
700 1007 794 1065 est,
824 1001 1055 1055 dicamus
1082 1033 1146 1039 ——
1178 1001 1315 1071 quod
1346 1002 1484 1056 absit
1510 1034 1584 1040 —
1613 1002 1776 1056 satius
1803 1019 1908 1056 esse
1934 1004 2136 1057 credere
2161 1005 2368 1059 mentiri

406 1083 749 1151 euangelium,
788 1099 946 1152 quam
982 1089 1231 1153 negatum
1268 1098 1375 1135 esse
1403 1101 1434 1137 a
1461 1085 1616 1137 Petro
1643 1083 1922 1150 Christum,
1949 1091 2004 1139 et
2031 1085 2240 1139 mentiri
2267 1087 2364 1140 Be-

407 1176 626 1226 gnorum
652 1163 859 1228 librum,
877 1181 1035 1233 quam
1048 1171 1260 1219 tantum
1277 1166 1588 1234 prophetam
1604 1183 1635 1218 a
1653 1166 1860 1220 domino
1881 1166 1975 1221 deo
1994 1172 2106 1220 tam
2122 1168 2371 1221 excellen-
2455 1175 2459 1196 ’·

408 1249 488 1296 ter
531 1246 753 1300 electum
797 1252 848 1299 et
892 1246 945 1298 in
990 1247 1401 1317 concupiscenda
1444 1253 1603 1316 atque
1648 1248 1956 1302 abducenda
1998 1265 2158 1302 uxore
2202 1242 2370 1303 aliena

408 1327 720 1382 commisisse
761 1327 1076 1381 adulterium
1116 1335 1168 1382 et
1208 1329 1262 1381 in
1302 1327 1491 1382 marito
1523 1329 1638 1382 eius.
1655 1330 1888 1383 necando
1915 1335 2026 1383 tam
2055 1331 2370 1385 horrendum

411 1409 763 1463 homicidium.
813 1409 972 1462 immo
1001 1427 1123 1463 uero
1154 1415 1391 1465 sanctam
1419 1409 1730 1480 scripturam
1757 1411 1811 1463 in
1841 1428 2041 1478 summo
2082 1419 2135 1465 et
2163 1403 2371 1467 caelesti

407 1491 736 1545 auctoritatis
769 1491 989 1544 culmine
1022 1493 1348 1547 conlocatam
1380 1492 1443 1545 de
1472 1493 1697 1546 ueritate
1728 1493 1837 1546 eius
1869 1499 2040 1547 certus
2071 1511 2132 1547 ac
2162 1510 2370 1548 securus
2453 1508 2482 1563 ’ἑ

406 1573 574 1642 legam
605 1579 657 1626 et
687 1573 740 1625 in
773 1590 833 1626 ea
863 1573 1097 1627 homines
1127 1576 1213 1629 uel
1242 1574 1561 1642 adprobatos
1591 1575 1676 1628 uel
1706 1575 2011 1635 emendatos
2041 1576 2126 1629 uel
2156 1575 2371 1630 damna-
2460 1584 2480 1642 J

407 1661 489 1708 tos
517 1655 774 1707 ueraciter
804 1655 1001 1709 discam
1030 1657 1223 1726 potius,
1257 1672 1431 1726 quam,
1475 1655 1616 1710 facta
1657 1657 1887 1734 humana
1918 1658 2044 1710 dum
2073 1658 2127 1710 in
2159 1657 2369 1726 quibus·

406 1736 531 1790 dam
568 1736 844 1790 laudabilis
885 1736 1218 1792 excellentiae
1258 1737 1489 1807 personis
1529 1738 1811 1807 aliquando
1852 1739 2056 1791 credere
2095 1738 2256 1791 timeo
2295 1755 2371 1792 re·

405 1817 790 1887 prehendenda,
826 1818 939 1888 ipsa
973 1819 1153 1873 diuina
1185 1818 1390 1889 eloquia
1422 1817 1551 1872 mihi
1584 1821 1688 1872 sint
1721 1820 1913 1889 ubique
1948 1826 2205 1889 suspecta.

538 1901 583 1953 6.
627 1900 885 1954 Manichei
925 1900 1149 1969 plurima
1189 1901 1488 1955 diuinarum
1527 1900 1918 1971 scripturarum,
1964 1900 2150 1972 quibus
2192 1917 2371 1954 eorum

404 1981 632 2035 nefarius
678 1999 817 2034 error
862 1980 1144 2037 clarissima
1190 1983 1567 2037 sententiarum
1611 1982 1981 2053 perspicuitate
2028 1981 2370 2048 conuincitur,

409 2062 530 2132 quia
548 2064 602 2116 in
616 2062 783 2117 'alium
809 2081 1016 2117 sensum
1037 2066 1342 2136 detorquere
1362 2080 1467 2116 non
1487 2072 1723 2134 possunt,
1746 2066 1877 2119 falsa
1897 2082 2004 2120 esse
2025 2066 2369 2125 contendunt,
2448 2068 2458 2074 ”

406 2145 482 2198 ita
497 2152 698 2209 tamen,
721 2151 782 2198 ut
804 2146 1023 2198 eandem
1044 2147 1331 2201 falsitatem
1351 2164 1457 2200 non
1479 2146 1822 2215 scribentibus
1845 2148 2094 2218 apostolis
2115 2147 2370 2211 tribuant,
2454 2147 2477 2222 ᾗ

408 2226 498 2279 sed
536 2229 708 2282 nescio
753 2227 940 2298 quibus
983 2228 1221 2282 codicum
1262 2229 1667 2300 corruptoribus.
1714 2229 1853 2299 quod
1894 2235 2072 2283 tamen
2116 2229 2238 2301 quia
2275 2246 2372 2286 nec
2470 2230 2475 2249 ”

406 2308 640 2378 pluribus
683 2309 789 2363 siue
830 2305 1211 2379 antiquioribus
1252 2309 1632 2382 exemplaribus
1660 2327 1754 2366 nec
1782 2311 2138 2381 praecedentis
2165 2312 2371 2380 linguae

405 2391 737 2456 auctoritate,
771 2393 909 2445 unde
944 2393 1119 2447 Latini
1150 2393 1269 2447 libri
1300 2392 1632 2463 interpretati
1665 2399 1804 2458 sunt,
1838 2395 2057 2463 probare
2090 2392 2371 2464 aliquando
2455 2392 2471 2422 ’-

405 2477 707 2542 potuerunt,
745 2473 1018 2528 notissima
1057 2475 1298 2529 omnibus
1335 2474 1559 2529 ueritate
1599 2474 1830 2544 superati
1869 2473 2171 2545 confusique
2211 2474 2371 2528 disce·
2439 2472 2462 2522 vs

407 2556 556 2610 dunt.
612 2556 754 2609 itane
790 2573 895 2610 non
931 2555 1184 2627 intellegit
1221 2563 1403 2611 sancta
1438 2556 1718 2626 prudentia
1753 2564 1864 2620 tua,
1884 2557 1886 2559 ’
1905 2563 2104 2627 quanta
2139 2555 2370 2611 malitiae
2451 2548 2462 2575 ³

407 2637 612 2691 illorum
649 2642 886 2706 patescat
927 2639 1143 2703 occasiO,
1186 2638 1228 2692 si
1266 2655 1371 2691 non
1411 2639 1477 2691 ab
1518 2637 1630 2691 aliis
1670 2637 1981 2708 apostolicas
2021 2638 2222 2693 litteras
2263 2654 2372 2691 esse
2447 2676 2461 2679 .

406 2718 639 2782 falsataS,
675 2720 764 2771 sed
795 2719 932 2790 ipsos
965 2720 1228 2791 apostolos
1260 2719 1392 2775 falsa
1425 2718 1684 2789 scripsisse
1717 2719 1987 2775 dicamus?
2140 2732 2142 2734 ’

539 2804 583 2855 7.
617 2799 752 2853 ‘Non
780 2800 893 2865 est‘‚
924 2802 1113 2873 inquis,
1146 2802 1404 2857 ‘credibile
1432 2804 1532 2856 hoc
1558 2803 1612 2855 in
1641 2803 1796 2855 Petro
1825 2802 2064 2866 Paulum,
2096 2799 2371 2871 quod-ipse
2450 2851 2458 2866 ‚

405 2881 598 2936 Paulus
622 2882 831 2946 fecerat,
857 2884 1116 2955 arguisse‘.
1160 2900 1266 2939 non
1287 2902 1428 2938 nunc
1453 2901 1661 2954 quaere,
1688 2884 1815 2955 quid
1836 2883 2040 2947 iecerit3
2067 2882 2193 2953 quid
2214 2881 2372 2953 scrip·
2447 2880 2449 2882 ’

406 2962 546 3029 serit,
577 2980 783 3034 quaero.
814 2966 912 3019 hoc
938 2966 1007 3019 ad
1036 2967 1410 3035 quaestionem,
1441 2983 1600 3036 quam
1627 2964 1843 3036 suscepi,
1873 2965 2098 3019 maxime
2126 2964 2369 3034 pertinet,
2450 2964 2455 3019 j

405 3052 466 3099 ut
492 3045 687 3100 ueritas
716 3045 1013 3101 diuinarum
1040 3046 1415 3117 scripturarum
1443 3049 1511 3102 ad
1537 3053 1773 3102 nostram
1800 3047 1962 3100 fidem
1989 3044 2373 3101 aedificandam

558 3239 582 3280 2
602 3235 656 3279 cf.
683 3238 777 3283 eal.
801 3240 839 3289 2,
862 3240 911 3282 11
991 3240 1017 3283 s
1036 3238 1090 3282 cf.
1113 3238 1275 3284 Matth.
1300 3240 1367 3288 26,
1383 3240 1546 3285 69—75
1623 3241 1649 3284 e
1667 3216 1786 3282 efjn
1808 3239 1913 3296 neg.
1932 3240 2000 3288 11,
2020 3237 2158 3284 2—17
2235 3237 2289 3281 29
2309 3235 2366 3284 cf.

408 3325 473 3367 ep.
498 3310 625 3354 GXII
645 3315 684 3361 4,
709 3313 753 3365 13
776 3312 952 3357 Hieron.
975 3312 1021 3356 in
1042 3312 1169 3357 Pauli
1188 3326 1252 3369 ep.
1277 3313 1334 3358 ad
1357 3314 1451 3358 Gal.
1477 3316 1515 3363 2,
1538 3313 1587 3358 11
1611 3327 1706 3371 sqq.
1731 3313 1905 3370 (XXVI
1925 3312 2006 3358 339
2026 3312 2091 3370 M)
2446 3319 2448 3322 ’

558 3453 582 3496 2
602 3451 848 3496 barnabam
867 3454 881 3498 i
957 3454 983 3497 3
1002 3453 1060 3496 ad
1080 3466 1148 3495 eu.
1170 3466 1259 3495 uer.
1283 3452 1392 3509 ingr.
1412 3467 1436 3507 ς
1510 3452 1535 3495 5
1557 3451 1623 3508 at]
1644 3468 1700 3498 an
1716 3451 1742 3503 ἱ)
1821 3454 1847 3498 6
1869 3464 2004 3509 quam
2018 3442 2223 3509 -egisse
2243 3464 2322 3497 om.
2347 3455 2370 3507 ὅ

407 3526 462 3568 23
481 3524 572 3568 sine
589 3532 611 3582 ὅ
627 3526 735 3571 neci
811 3529 864 3572 26
878 3527 1002 3583 prud.
1018 3531 1171 3571 sancta
1188 3541 1211 3580 ς
1289 3527 1342 3571 28
1355 3525 1550 3571 dicemus
1565 3533 1588 3584 ὅ
1661 3527 1715 3571 30
1730 3524 1912 3583 quaero]
1924 3525 2100 3584 inquiro
2117 3540 2141 3581 ς
2215 3523 2369 3570 fecerit

406 3598 481 3640 sed
498 3612 521 3651 ς
613 3601 661 3643 31
687 3598 867 3656 quaero]
890 3600 1002 3646 seria
1025 3614 1160 3657 quero
1184 3600 1226 3657 {E
1323 3602 1403 3644 hoc
1426 3601 1545 3656 quod
1565 3599 1622 3644 ad
1643 3607 1669 3657 t)
