2528 4186
381 780 406 818 ὅ

383 1431 408 1468 6

437 354 535 407 336
1112 367 1318 412 Sancti
1355 367 1703 425 Hieronymi

436 522 814 575 habentes
856 521 1150 575 uictum
1189 527 1421 592 atque
1463 523 1843 577 uestitum
1883 521 1998 577 fiis
2042 525 2434 580 contentis

437 620 671 666 sumuS,
713 619 777 656 ne
818 603 1186 656 consuetudine
1227 603 1342 672 plus
1381 603 1604 657 habendi
1645 605 1912 673 praeberet
1938 605 2107 659 locum
2131 606 2430 671 auaritiae„
2523 627 2525 639 ·

437 701 568 754 quae
619 683 772 737 nullis
821 684 1059 753 expletur
1106 684 1289 755 opibus
1340 690 1408 748 et,
1463 690 1658 753 quanto
1707 686 1929 756 amplius
1979 687 2236 748 habuerit,
2287 687 2411 758 plus
2431 687 2441 705 ⁷
2514 681 2525 715 ¹¹

441 765 657 835 requirit
693 771 746 819 et
776 782 941 834 neque
976 765 1125 835 copia
1155 782 1322 835 neque
1353 765 1531 835 inopia
1560 766 1838 821 minuetur.
1890 768 2151 838 iurgantes
2182 768 2321 823 inter
2350 786 2425 824 se*

437 864 667 901 sermone
684 846 944 900 lenissimo
965 847 1278 901 foederabat.
1304 846 1660 902 lasciuientem
1677 848 2181 903 adulescentularum
2199 864 2404 904 carnem

439 928 627 983 crebris
661 934 714 982 et
745 928 1024 997 duplicatis
1048 928 1319 998 frangebat
1339 928 1545 983 ieiuniis
1566 929 1762 983 malens
1784 947 1868 984 eas
1891 932 2216 984 stomachum
2236 931 2406 987 dolere
2431 937 2443 978 ῖϊ

441 1026 598 1080 quam
618 1015 862 1063 mentem.
907 1009 950 1062 si
971 1009 1188 1063 uidisset
1207 1009 1440 1079 aliquam
1462 1010 1815 1080 comptiorem,
1841 1012 2194 1066 contractione
2219 1012 2405 1068 frontis
2428 1043 2439 1051 2
2486 1036 2488 1039 ¹
2523 1076 2525 1091 λ

439 1097 492 1145 et
538 1091 711 1145 uultus
755 1090 976 1144 tristitia
1017 1091 1264 1161 arguebat
1308 1096 1566 1145 errantem
1607 1092 1780 1146 dicens
1821 1092 2138 1147 munditiam
2179 1093 2446 1164 eorporis-
2523 1093 2525 1164 ξ

434 1178 594 1242 atque
634 1172 855 1226 uestitus
896 1172 1100 1226 animae
1142 1189 1249 1226 esse
1290 1172 1662 1226 inmunditiam
1701 1179 1754 1227 et
1793 1179 1946 1244 turpe
1985 1175 2203 1228 uerbum
2243 1181 2400 1246 atque
2436 1202 2437 1206 ¹

439 1254 691 1308 lasciuum
736 1270 1023 1323 numquam
1067 1254 1130 1307 de
1177 1270 1262 1308 ore
1307 1254 1536 1326 uirgineo
1583 1255 1960 1324 proferendum,
2011 1256 2197 1327 quibus
2244 1257 2404 1328 signis
2437 1301 2447 1316 .,
2514 1248 2525 1305 J*

437 1334 741 1389 libidinosus
770 1335 974 1389 animus
1005 1335 1297 1389 ostenditur
1324 1341 1378 1389 et
1405 1352 1498 1406 per
1525 1336 1831 1390 exteriorem
1858 1337 2121 1391 hominem
2149 1337 2418 1393 interioris*
2447 1395 2449 1397 ,
2522 1337 2525 1364 ²

440 1416 662 1470 hominis
694 1416 823 1470 uitia
849 1418 1286 1471 demonstrantur.
1337 1434 1495 1487 quam
1521 1417 1811 1488 linguosam
1840 1424 1894 1472 et
1918 1417 2179 1489 garrulam
2204 1437 2267 1474 ac
2292 1436 2409 1491 pro·
2436 1441 2463 1493 j
2522 1416 2524 1490 ζ

440 1515 613 1552 cacem
647 1497 875 1567 rixisque
910 1504 1242 1568 perspexerat
1276 1499 1521 1553 delectari
1557 1505 1611 1553 et
1644 1500 1849 1570 saepius
1886 1500 2240 1555 conmonitam
2271 1500 2408 1556 nolle
2521 1547 2524 1565 ,

442 1579 689 1643 conuerti,
715 1579 852 1632 inter
874 1580 1085 1634 ultimas
1111 1585 1164 1645 et
1187 1585 1336 1634 extra
1360 1586 1672 1635 conuentum
1695 1598 1926 1635 sororum
1949 1583 2010 1636 ad
2040 1581 2172 1636 fores
2197 1581 2411 1637 triclinii
2436 1600 2438 1602 ’

440 1677 581 1714 orare
611 1661 836 1715 faciebat
864 1667 918 1715 et
945 1661 1228 1732 separatim
1257 1661 1431 1716 cibum
1459 1680 1655 1732 capere,
1685 1669 1762 1728 ut,
1795 1680 1954 1733 quam
1980 1663 2272 1735 obiurgatio
2301 1676 2405 1719 non
2432 1707 2439 1713 „

442 1747 748 1807 correxerat,
771 1744 1068 1797 emendaret
1086 1745 1270 1814 pudor.
1311 1743 1511 1798 furtum
1533 1744 1680 1814 quasi
1697 1744 2023 1815 sacrilegium
2041 1746 2404 1800 detestabatur
2521 1788 2523 1792 v

440 1819 527 1889 et,'
551 1825 688 1894 quod
725 1824 863 1879 inter
898 1825 1089 1879 saeculi
1124 1825 1356 1880 homines
1395 1826 1479 1880 uel
1513 1826 1624 1880 leue
1662 1832 1881 1896 putatur
1914 1826 2001 1880 uel
2036 1827 2182 1890 nihil,
2219 1828 2319 1882 hoc
2355 1827 2419 1881 in-

439 1905 768 1960 monasteriis
811 1906 1175 1977 grauissimum
1219 1907 1426 1962 dicebat
1471 1925 1578 1962 esse
1623 1908 1887 1962 delictum.
1957 1908 2082 1978 quid
2126 1925 2408 1964 memorem
2440 1902 2444 1980 'v
2521 1973 2523 1985 Ι

440 1987 768 2041 clementiam
801 1993 855 2041 et
889 1987 1224 2043 sedulitatem
1256 1989 1312 2041 in
1344 1995 1686 2059 aegrotantes
1725 2005 1852 2059 quas
1886 1989 2028 2043 miris
2062 1990 2320 2060 obsequiis
2357 1995 2430 2047 et:

439 2068 740 2123 ministeriis
773 2069 1119 2124 confouebat?
1171 2087 1391 2141 cumque
1421 2071 1538 2125 aliis
1570 2071 1936 2142 languentibus
1969 2071 2107 2142 large
2139 2073 2414 2147 praeberet
2439 2128 2442 2132 ,
2512 2080 2522 2147 3

441 2151 616 2204 omnia
635 2156 688 2204 et
708 2168 852 2204 esum
872 2168 1075 2222 quoque
1095 2152 1364 2206 exhiberet
1382 2153 1630 2217 carnium,
1652 2152 1696 2206 si
1717 2161 1923 2222 quando
1944 2153 2058 2223 ipsa
2077 2158 2408 2225 aegrotasset,
2444 2162 2445 2167 ’
2520 2147 2521 2153 '

441 2231 539 2286 sibi
568 2249 672 2286 non
698 2232 1002 2303 indulgebat
1031 2239 1084 2287 et
1112 2234 1168 2286 in
1196 2251 1254 2288 eo
1284 2234 1570 2304 inaequalis
1599 2234 1890 2299 uidebatur,
1923 2236 2059 2304 quod
2088 2235 2144 2287 in
2169 2235 2283 2290 aliis
2313 2234 2437 2290 cle-⁴
2519 2251 2522 2267 ·

439 2314 693 2367 mentia-m
727 2314 782 2366 in
815 2332 866 2368 se
902 2315 1096 2368 duritia
1132 2316 1485 2370 conmutabat.

574 2397 652 2449 21.
696 2396 852 2450 Nulla
889 2397 1135 2450 iuuenum
1173 2397 1462 2467 puellarum
1500 2414 1624 2452 sano
1663 2403 1719 2451 et
1752 2403 1935 2469 uegeto
1975 2414 2186 2469 corpore
2222 2403 2407 2453 tantae

440 2493 495 2530 se
534 2478 746 2531 dederat
787 2478 1153 2543 continentiae,
1198 2496 1354 2548 quam
1393 2478 1507 2549 ipsa
1548 2479 1712 2533 fracto
1753 2483 1807 2533 ct
1845 2479 1994 2534 senili
2032 2479 2431 2550 debilitatoque
2510 2515 2512 2520 «

592 2656 613 2696 1
639 2653 690 2696 *Ι
709 2654 821 2696 Tim.
847 2654 887 2706 6,
909 2655 935 2698 8
1047 2655 1096 2698 11
1119 2655 1172 2700 ci.
1198 2655 1324 2699 Rom.
1347 2657 1385 2709 7,
1409 2653 1575 2700 22--25

592 2787 613 2829 1
633 2785 762 2830 uictu
779 2790 915 2843 atque
934 2788 1143 2831 uestitua
1216 2789 1363 2846 adque
1383 2788 1561 2842 Κ,Σα.ο.
1585 2788 1681 2835 etB
1759 2790 1784 2833 2
1803 2790 1940 2835 simus
1961 2792 1998 2832 Σ
2074 2789 2349 2836 consuetudo
2363 2788 2402 2833 Β

442 2861 472 2903 4
491 2855 688 2916 requiret
707 2861 753 2904 K
860 2861 1080 2907 minuitur
1098 2860 1342 2920 Kp.c.m2B
1463 2862 1488 2907 5
1508 2863 1743 2910 lasciuiens
1767 2867 1812 2909 et
1831 2864 1948 2922 (del.)
1968 2864 2265 2910 adolescentes
2285 2863 2405 2923 (del.)
2432 2903 2434 2905 .

448 2946 550 2978 caro
570 2947 627 2978 cr.
650 2947 701 2978 ac
722 2934 840 2992 dupl.
864 2939 930 2979 est
949 2935 1192 2994 frangenda
1211 2935 1254 2981 Γ
1333 2937 1613 2984 lasciuientes
1633 2939 1672 2982 Β
1759 2953 1910 2984 carnes
1930 2938 1970 2982 Β
2081 2942 2107 2985 6
2125 2938 2295 2984 malens
2313 2932 2406 2997 eas]
2430 2926 2437 2970 Ϊ-
2515 2980 2518 3001 1

441 3007 602 3052 melius
623 3011 690 3053 est
709 3009 827 3052 enim
845 3021 995 3054 meum
1015 3010 1180 3067 (meum
1201 3012 1298 3069 del.)
1318 3010 1360 3056 Γ
1463 3012 1648 3058 mallens
1667 3015 1705 3055 Σ
1708 3013 1912 3069 α.ν.Βρ.σ.
2039 3013 2101 3058 eis
2120 3026 2146 3056 a
2257 3011 2407 3058 dolore

447 3082 649 3138 Kp.c.m2
670 3083 835 3140 (dolere
853 3085 1110 3142 restitutum)
1222 3088 1246 3132 7
1267 3087 1583 3132 si——errantem
1602 3089 1652 3132 in
1669 3102 1748 3145 my.
1772 3089 1854 3143 ins.
1877 3087 1947 3132 m2
1967 3089 2018 3142 Σ,
2034 3102 2112 3132 om.
2135 3087 2203 3130 aB
2326 3085 2407 3131 ali·
2435 3080 2437 3082 ’
2512 3112 2514 3125 ι

443 3168 577 3213 quem
589 3158 628 3199 Σ
728 3157 1066 3205 contristatione
1079 3160 1120 3203 D
1205 3160 1230 3204 9
1243 3161 1411 3206 uestitu
1423 3174 1450 3204 a
1461 3151 1669 3216 uestiffit3
1683 3161 1724 3205 D
1824 3160 2143 3219 turpe—proi]
2161 3172 2407 3219 numquam
2415 3158 2427 3192 ἱ
2513 3157 2515 3164 ’

444 3230 500 3274 de
514 3245 586 3275 ore
598 3232 806 3276 monachi
818 3234 961 3291 turpis
973 3237 1054 3279 aut
1064 3233 1255 3279 lasciuus
1269 3249 1410 3281 sermo
1425 3237 1677 3293 egrediatur
1689 3234 1731 3280 Γ
1887 3237 1938 3280 10
1961 3235 2139 3294 quibus]
2152 3235 2221 3281 his
2235 3235 2355 3279 enim
2368 3230 2413 3279 Γ

449 3306 498 3348 11
521 3304 769 3352 libidinosis
789 3306 830 3349 D
953 3307 1006 3352 12
1027 3310 1072 3352 et
1089 3322 1166 3353 om.
1192 3323 1216 3364 ς
1339 3312 1391 3355 13
1412 3324 1611 3367 prospex.
1635 3311 1716 3354 ΣΒ
1738 3323 1940 3368 conspex.
1963 3311 2010 3355 K
2126 3309 2347 3354 monitam
2365 3303 2426 3351 B'·v
2512 3362 2515 3368 y

450 3378 502 3422 15
522 3379 610 3423 obi.
633 3380 738 3438 non]
760 3380 1184 3440 ob(s.l.)iurgation1'1
1203 3383 1331 3440 (—ne
1350 3384 1438 3442 m2)
1458 3386 1504 3429 K
1614 3385 1666 3430 17
1686 3385 1803 3430 inter
1822 3385 1870 3428 in
1889 3383 1930 3427 D
2041 3385 2095 3430 18
2115 3397 2206 3429 esse
2226 3383 2423 3449 dicebatf
2510 3404 2512 3423 ι

446 3452 528 3494 ΣΒ
622 3454 811 3501 docebat
828 3456 875 3500 K
976 3457 1026 3501 21
1050 3460 1301 3515 aegrotaret
1318 3460 1357 3500 Σ
1444 3459 1497 3502 22
1517 3472 1606 3504 11011
1625 3459 1712 3504 sibi
1730 3461 1768 3502 Σ
1872 3472 1964 3503 esse
1982 3458 2074 3502 uid.
2099 3457 2138 3501 B
2229 3457 2342 3502 alias
2361 3451 2424 3501 KJ

446 3526 501 3570 23
520 3526 688 3572 duritia
708 3527 1036 3576 Ka.c.m2——am
1057 3534 1126 3575 cet.
1246 3531 1299 3575 25
1319 3532 1473 3591 quam]
1495 3537 1692 3591 quantae
1711 3534 1756 3578 K
1775 3535 1945 3590 quanto
1966 3532 2005 3575 Β
2127 3531 2216 3577 ista
2235 3530 2274 3575 Β
2294 3519 2423 3576 istae?

451 3600 494 3655 (e
514 3602 638 3658 eras.)
659 3603 705 3646 K
2430 3627 2431 3630 ¹
