2528 4186
672 347 709 390 E
724 346 810 404 pis
825 348 950 391 tuia
982 346 1109 391 XCII
1139 347 1377 392 5-x0111
1413 352 1430 392 1
1947 334 2042 387 155

93 520 202 572 que¹
232 503 393 556 simul·
425 518 667 555 coronam
706 502 935 555 iustitiae
974 501 1360 570 praestolemur.
1405 502 1604 560 fratres,
1649 504 1736 570 qui
1780 504 2044 556 uobiscum

89 589 226 648 sunt,
263 584 424 653 plebS,
463 600 594 652 quae
629 599 833 636 mecum
869 587 961 647 est,
998 583 1052 635 in
1088 583 1297 635 domino
1333 583 1543 636 salutat.

11 789 576 860 <RESPONSUM
597 788 861 842 SYNODI
920 708 1652 842 HiggsslclSOLYMITANAE
1700 789 1793 840 AD
1847 789 2045 841 SUPE-

36 888 58 924 5
251 869 530 924 RIOREM
565 869 958 925 THEOPHILI
1008 869 1416 923 SYNODICAM
1450 869 1865 940 EPISTULAM
1871 868 1892 939 >

189 971 443 1034 Domino
474 986 526 1034 et
553 980 858 1044 honorabili,
889 981 1186 1033 beatissimo
1217 980 1454 1049 episcopo
1477 980 1759 1049 Theophilo
1779 979 2041 1049 EulogiuS,

91 1063 347 1116 Iohannes
373 1068 425 1115 et
449 1062 604 1115 ceteri
629 1062 868 1131 episcopi,
896 1062 999 1131 qui
1009 1061 1380 1131 Hierosolymis
1402 1062 1457 1113 in
1480 1066 1662 1115 sancta
1685 1062 2043 1114 encaeniorum

90 1145 183 1196 die
205 1144 432 1213 repperti
466 1148 602 1196 sunt.
712 1155 717 1158 ·
1974 1165 2019 1193 π,

31 1277 35 1282 ,
221 1225 386 1290 Nosti,
410 1225 616 1278 domine
638 1229 827 1277 cuncta
846 1224 1183 1277 laudabiliter
1195 1229 1360 1293 pater,
1385 1229 1448 1276 et
1459 1229 1580 1276 ante
1602 1229 1804 1276 nostras
1825 1223 2040 1287 litteraS,

0 1321 57 1358 πο
93 1307 231 1376 quod
263 1306 427 1359 omnis
458 1306 842 1375 propemodum
865 1305 1160 1359 Palaestina
1187 1306 1357 1396 gratia
1388 1305 1575 1359 Christi
1605 1305 1671 1358 ab
1702 1304 2043 1360 hereticorum

91 1387 259 1440 aliena
298 1388 366 1440 sit
405 1387 648 1457 scandalo
689 1391 894 1456 praeter
930 1404 1138 1458 paucQS‚
1183 1387 1271 1455 qui
1311 1387 1620 1456 Apollinaris
1662 1386 1915 1439 erroribus
1955 1387 2044 1439 ad-

91 1469 411 1537 quiescentes
434 1468 591 1539 noxia
612 1468 958 1537 praeceptoris
981 1468 1061 1521 sui
1084 1468 1277 1537 scripta
1299 1469 1634 1521 meditantur.·
1659 1474 1818 1536 atque
1841 1468 2043 1520 utinam

90 1554 388 1607 sanctorum
423 1549 743 1619 orationibus
786 1566 890 1602 non
923 1566 1016 1602 nos
1054 1550 1406 1618 inquietarent
1447 1549 1644 1602 Iudaici
1695 1554 1968 1617 serpentesv
1991 1555 2041 1601 et

91 1630 535 1684 Samaritanorum
571 1630 882 1683 incredibilis
919 1630 1149 1684 stultitia
1185 1636 1350 1700 atque
1383 1630 1654 1699 gentilium
1692 1630 2043 1699 apertissimae

0 1701 53 1846 Γᾶ
84 1712 376 1781 inpietateS‚
420 1728 640 1781 quorum
674 1711 831 1764 turba
865 1728 1022 1780 quam
1058 1712 1281 1780 plurima
1325 1716 1377 1764 et
1424 1713 1491 1765 ad
1536 1712 1811 1765 ueritatem
1844 1712 2044 1780 praedi-

0 1864 12 1902 ¹'
85 1891 289 1944 gregem
328 1875 516 1928 Christi
552 1874 854 1927 circuientes
891 1891 995 1927 non
1031 1891 1219 1943 paruas
1256 1874 1405 1927 nobis
1443 1874 1684 1927 excubias
1723 1878 1775 1926 et
1812 1874 2042 1927 laborem

9 2007 12 2011 .
85 1956 364 2020 incutiunt,
403 1956 528 2009 dum
564 1955 802 2009 uolumus
840 1972 960 2008 oues
996 1956 1191 2009 domini
1227 1956 1500 2020 custodire,
1539 1973 1602 2008 ne
1639 1955 1704 2008 ab
1741 1956 1820 2008 his
1856 1955 2041 2008 dilace-

0 2057 22 2094 ‘,
86 2036 290 2090 rentur!
329 2042 382 2093 et
417 2038 540 2106 quia
572 2038 776 2106 scripsit
811 2037 958 2090 nobis
994 2038 1244 2091 sanctitas
1278 2042 1374 2090 tua
1406 2035 1671 2106 reppertos
1698 2037 1950 2105 quosdam
1985 2037 2039 2089 in
2074 2052 2095 2086 ε

32 2133 55 2170 o
88 2119 340 2188 Aegypto,
370 2119 482 2188 ,qui
528 2124 580 2171 et
627 2119 872 2187 Origenis
905 2119 1235 2187 dogmatibus
1283 2119 1529 2188 pestifera
1576 2119 1832 2187 quaedam
1879 2118 2042 2170 uelint

68 2200 414 2253 ‘introducere
451 2200 505 2252 in
544 2199 763 2252 ecclesiis
801 2205 853 2252 et
887 2200 1179 2268 simplicum
1216 2201 1372 2254 corda
1408 2200 1654 2268 decipere,
1696 2199 2038 2252 necessarium

88 2281 328 2335 duximus
361 2281 648 2350 significare
680 2281 1019 2334 sanctitudini
1049 2285 1187 2345 tuae,
1223 2282 1346 2350 quia
1374 2281 1522 2333 istius
1553 2282 1696 2333 modi
1726 2280 2041 2349 praedicatio

86 2380 119 2415 a
155 2363 343 2415 nostris
380 2362 590 2415 auribus
629 2361 795 2415 aliena
832 2362 913 2416 sit.
945 2379 1120 2431 neque
1159 2362 1295 2416 enim
1333 2362 1626 2415 audiuimus
1664 2378 1916 2430 umquam
1953 2362 2042 2414 do-

22 2507 26 2512 ,
87 2448 274 2508 centeS,
313 2444 451 2512 quod
487 2444 674 2497 Christi
706 2460 920 2513 regnum
954 2444 1232 2513 aliquando
1267 2444 1334 2496 sit
1367 2444 1754 2498 terminandum
1798 2474 1865 2480 —
1907 2442 2044 2495 absit

16 2525 53 2576 '5
88 2524 186 2578 hoc
214 2542 246 2578 a
272 2524 743 2582 fideliumauribus
777 2524 1022 2578 Gabrihel
1048 2525 1227 2594 angelo
1256 2525 1500 2594 loquente
1530 2525 1597 2578 ad
1625 2525 1844 2578 Mariam
1872 2525 1935 2592 de
1965 2541 2039 2587 ec,

89 2606 179 2675 qui
215 2606 505 2659 nasciturus
544 2610 621 2658 est
661 2606 906 2670 ChristuS,
948 2611 1105 2676 atque
1144 2606 1370 2659 dicente:
1410 2623 1435 2658 r
1455 2624 1481 2659 e
1500 2623 1532 2676 g
1554 2624 1587 2658 n
1609 2624 1639 2659 a
1659 2606 1692 2658 b
1713 2606 1730 2657 i
1752 2610 1775 2657 t
1817 2622 1842 2658 s
1863 2624 1896 2658 u
1917 2622 1950 2674 p
1973 2622 1998 2657 e
2019 2622 2043 2656 r

89 2687 376 2740 domum
434 2687 662 2741 Iacob
717 2687 788 2740 in
841 2693 1239 2741 aeternum
1295 2693 1366 2740 et
1419 2688 1633 2757 regni
1687 2688 1849 2740 eius
1902 2704 2042 2739 non

89 2768 238 2821 erit
281 2768 499 2821 finis!
542 2800 609 2805 —
645 2785 826 2838 neque,
865 2770 1005 2838 quod
1044 2769 1257 2822 zabulus
1298 2770 1496 2822 cunctis
1536 2774 1868 2838 peccatorum
1900 2768 2040 2821 uitiis

86 2848 332 2903 liberatus
379 2850 690 2919 dignitatem
736 2850 986 2915 obtineat,
1036 2866 1194 2920 quam
1239 2851 1440 2916 habuit,
1490 2854 1772 2919 antequam
1818 2851 2038 2910 caderet,

30 2942 57 2981 o
87 2930 166 2984 ita
189 2935 249 2984 ut
276 2935 329 2983 et
351 2931 461 2999 ipse
487 2936 539 2984 et
566 2931 795 2984 Christus
821 2932 916 2985 sub
943 2949 1106 2986 unum
1131 2932 1214 2985 dei
1239 2933 1401 3001 patris
1427 2933 1727 3001 redigantur
1750 2932 2037 3000 imperium.

203 3080 218 3122 1
249 3077 302 3122 cf.
328 3077 373 3120 II
395 3077 504 3121 Tim.
528 3081 569 3130 4,
588 3080 616 3124 8
730 3079 783 3122 26
805 3078 935 3123 *Luc.
958 3081 996 3131 1,
1017 3080 1181 3124 32—33

354 3196 382 3224 u
409 3203 450 3217 =
477 3182 787 3226 Ambrosianus
805 3182 851 3225 H
854 3196 864 3226 .·
886 3182 952 3226 59.
975 3183 1070 3239 su'p.
1095 3196 1127 3225 s.
1150 3182 1287 3235 XIII,
1309 3183 1384 3239 qui
1402 3183 1679 3238 inscriptione
1700 3185 1806 3225 caret

89 3344 122 3349 -
202 3285 229 3327 6
247 3283 410 3334 domno
430 3299 459 3328 u
618 3284 770 3330 honor.
791 3290 838 3329 et
856 3300 932 3340 pro
951 3291 996 3335 et
1015 3286 1167 3331 honor.
1189 3287 1356 3335 mauult
1373 3287 1637 3343 Enyelbrecht
1793 3282 2036 3327 honorabili

93 3353 268 3400 bissimo
288 3372 318 3401 u
337 3358 716 3403 honorabilissimo
739 3357 852 3404 Vall.
939 3361 963 3403 7
982 3348 1164 3404 ihrlimis
1181 3375 1212 3404 u
1309 3359 1616 3404 encheniorum
1629 3373 1659 3402 u
1760 3359 1786 3401 9
1805 3359 1964 3401 cuncta
1979 3359 2036 3399 est

85 3443 168 3473 acc.
188 3445 318 3488 qraec.
346 3420 427 3495 pat
444 3432 513 3490 (=
538 3436 677 3489 pater,
697 3447 784 3477 ‘non
804 3433 958 3490 pati)u
978 3448 1055 3491 per
1088 3434 1131 3491 gi
1151 3432 1262 3477 Vall.
1361 3434 1414 3477 10
1434 3432 1680 3489 palesthina
1702 3446 1730 3475 u
1836 3432 1888 3475 17
1908 3430 2034 3474 nobis

93 3506 198 3558 (non
215 3504 364 3563 uobis)
382 3519 413 3549 u
496 3507 550 3550 20
569 3506 716 3563 egipto
736 3521 766 3550 u
843 3510 887 3551 et
906 3521 935 3551 u
955 3520 1011 3552 ex
1031 3507 1144 3552 Vall.
1226 3510 1276 3551 21
1299 3505 1562 3563 simplicium
1583 3505 1695 3549 Vall.
1755 3505 1851 3548 ideo
1871 3516 2032 3548 necess.

98 3564 209 3620 Veia.
282 3581 335 3624 22
356 3578 478 3636 quia]
499 3579 617 3637 quod
640 3579 752 3625 Vall.
1841 3579 1845 3582 ’

88 1794 302 1851 tationis
354 1793 563 1847 omnino
615 1793 827 1846 auribus
880 1793 1199 1857 obturantes,
1251 1794 1306 1846 in
1358 1793 1750 1846 similitudinem
1802 1792 2048 1861 luporum>
2135 1811 2138 1813 ’
