2528 4186
342 1576 362 1611 3

344 2065 366 2099 4

347 2471 367 2505 5

401 342 471 394 66
1080 347 1289 393 Sancti
1328 346 1675 402 Hieronymi

399 505 861 559 surrectionem
917 503 1264 556 multorum
1311 506 1362 554 et
1419 501 1527 570 ipse
1584 500 1815 569 loquitur
1872 517 1963 570 per
2018 501 2357 571 prophetam:

399 586 729 656 numquid,
771 585 878 655 qui
912 585 1095 648 cadit,
1135 600 1258 636 non
1290 581 1604 650 resurget?

464 668 637 722 17.Et
661 667 932 736 profecti
953 667 1022 718 de
1044 664 1309 717 Aseroth
1330 668 1536 715 castra
1559 661 1783 714 metati
1803 667 1954 714 sunt
1975 662 2039 715 in
2063 662 2353 728 Rethma;

398 767 491 819 pro
521 766 621 818 quo
648 765 804 818 supra
827 749 881 800 in
906 748 1001 800 hoc
1028 747 1208 798 eodem
1231 746 1360 797 libro
1386 744 1625 812 legimus:
1651 748 1995 812 postquam
2030 744 2356 813 profectus

400 836 492 883 est
525 830 801 899 populus
833 829 902 880 de
925 827 1204 891 Aseroth,
1239 831 1445 878 castra
1477 824 1700 877 metati
1729 830 1881 877 sunt
1909 825 1976 877 in
2005 825 2356 879 solitudine
2389 841 2413 878 5

535 929 559 963 r
651 954 660 963 .

398 913 717 1045 Plssaeznest
749 995 925 1042 autem
958 989 1142 1057 quinta
1172 988 1372 1040 decima
1400 987 1615 1043 mansio.
1650 991 1702 1039 et
1732 987 2040 1052 notandum,
2075 988 2215 1056 quod
2242 987 2356 1041 reli-

401 1091 531 1142 quae
571 1073 859 1127 mansiones
902 1071 1078 1123 decem
1118 1074 1170 1121 et
1211 1074 1343 1133 oct0,
1389 1085 1608 1137 quarum
1646 1085 1784 1123 nunc
1824 1069 2050 1121 breuiter
2089 1069 2356 1139 catalogus

398 1155 717 1217 describitur,
739 1170 769 1205 a
788 1153 1015 1205 Rethma
1038 1167 1201 1219 usque
1225 1151 1292 1203 ad
1308 1149 1680 1215 Asion-Gaber,
1708 1151 1763 1203 id
1787 1155 1865 1203 est
1887 1167 2049 1219 usque
2073 1151 2140 1203 ad
2163 1151 2357 1204 tricesi-

398 1253 539 1288 mam
564 1235 843 1288 secundam
865 1233 1202 1296 mansionem,
1230 1232 1325 1284 sub
1349 1232 1559 1284 Pharan
1581 1231 1872 1286 solitudinis
1896 1232 2104 1285 nomine
2127 1232 2357 1285 contine·
2394 1246 2444 1283 lo
2503 1221 2523 1305 J?

399 1322 569 1370 antur.
608 1317 661 1370 in
699 1315 883 1384 quibus
920 1315 1174 1378 uniuersa,
1215 1330 1346 1382 quae
1382 1313 1576 1382 scripta
1610 1318 1748 1378 sunt,
1787 1314 1999 1366 diuersis
2034 1313 2356 1383 temporibus

395 1404 542 1467 gesta
562 1398 810 1450 sentimus
825 1415 835 1460 3
860 1413 990 1464 quae
1007 1395 1127 1463 quia
1147 1411 1252 1448 non
1272 1399 1394 1447 sunt
1408 1412 1498 1464 per
1510 1395 1802 1448 mansiones
1817 1395 2040 1464 singulas
2057 1394 2355 1459 distributa,

399 1497 431 1531 a
449 1480 596 1533 nobis
620 1495 823 1547 quoque
846 1478 900 1529 in
921 1493 1191 1529 commune
1207 1477 1458 1541 dicentur,
1481 1480 1542 1528 ut
1562 1480 1745 1546 postea
1765 1476 2035 1529 ueniamus
2056 1477 2125 1529 ad
2141 1476 2354 1545 reliqua.

401 1561 628 1613 Rethma
656 1559 966 1612 transfertur
1012 1557 1243 1611 ‘sonitus‘
1289 1562 1381 1610 aut
1417 1557 1728 1627 ‘iuniperus‘,
1767 1574 2087 1626 quamquam
2127 1557 2358 1628 plerique

401 1642 717 1694 ‘arceuthon‘
742 1641 883 1709 apud
908 1641 1128 1694 Graecos
1152 1639 1293 1692 aliud
1310 1655 1470 1708 genus
1494 1639 1688 1692 arboris
1711 1639 1998 1708 significare
2021 1640 2356 1693 contendant.
2395 1652 2444 1690 15
2507 1659 2511 1698 j

397 1723 686 1792 iuniperum
724 1727 901 1774 autem
929 1727 981 1774 et
1007 1721 1204 1791 primus
1230 1721 1487 1790 graduum
1513 1720 1744 1790 psalmus
1770 1721 1922 1773 iuxta
1948 1721 2228 1774 ueritatem
2255 1720 2359 1773 He-

397 1805 624 1856 braicam
650 1809 816 1868 sonat,
844 1803 935 1856 ubi
959 1803 1211 1872 scriptum
1237 1807 1336 1855 est:
1378 1802 1530 1871 quid
1561 1803 1747 1855 detur
1777 1802 1898 1855 tibi
1930 1807 2041 1855 aut
2079 1802 2231 1872 quid
2262 1802 2359 1854 ad-

397 1891 676 1955 ponatur
716 1885 836 1938 tibi
878 1885 953 1937 ad
993 1884 1278 1954 linguam
1321 1883 1641 1959 dolosam?
1688 1889 1740 1936 et
1774 1884 2032 1954 propheta
2063 1883 2356 1954 respondit:

398 1968 670 2037 sagittae
690 1967 969 2036 potentis
989 1971 1210 2019 acutae
1238 1982 1378 2018 cum
1406 1965 2359 2035 carbonibusiuniperorum3pro

404 2067 504 2117 quo
526 2050 666 2117 apud
686 2066 777 2102 nos
795 2049 1004 2117 legitur:
1035 2047 1450 2100 desolatoriis,
1473 2047 1647 2100 ierunt
1668 2052 1844 2100 autem
1862 2048 2062 2116 lignum
2080 2047 2177 2099 hoc
2191 2047 2362 2116 ignem
2394 2060 2448 2098 20

399 2130 563 2182 multo
575 2135 809 2199 tempore
828 2146 1145 2194 conseruare,
1165 2129 1244 2181 ita
1261 2134 1337 2193 ut,
1359 2128 1402 2181 si
1419 2146 1587 2198 pruna
1605 2145 1669 2181 ex
1687 2129 1792 2182 eius
1807 2121 1974 2182 cinere
1986 2128 2143 2181 fuerit
2163 2132 2359 2197 operta,

399 2229 560 2280 usque
591 2213 657 2264 ad
686 2229 882 2265 annum
910 2211 1195 2281 perueniat.
1229 2228 1294 2263 ex
1323 2227 1424 2279 quo
1455 2210 1696 2263 discimus
1726 2215 1846 2280 post
1875 2210 2148 2279 sepulchra
2176 2225 2362 2262 concu-

399 2294 680 2362 piscentiae
708 2299 759 2345 et
786 2293 1047 2346 uestibula
1070 2292 1291 2345 transire
1316 2309 1411 2345 nos
1438 2292 1506 2344 ad
1529 2292 1742 2361 lignum,
1774 2292 1915 2360 quod
1939 2291 2105 2344 multo
2130 2296 2365 2360 tempore

400 2375 621 2427 calorem
654 2380 815 2439 tenet,
852 2380 913 2426 ut
947 2374 1104 2427 simus
1139 2374 1398 2426 feruentes
1432 2373 1619 2442 spiritu
1653 2378 1705 2425 et
1739 2373 1875 2426 claro
1911 2373 2086 2426 sonitu
2120 2378 2278 2442 atque
2310 2371 2366 2424 in

405 2457 571 2508 altum
597 2456 831 2508 exaltata
854 2473 980 2510 uoce
1006 2455 1331 2524 euangelium
1355 2455 1551 2508 domini
1574 2455 1944 2524 praedicemus,
1973 2454 2040 2507 ab
2065 2454 2162 2506 hac
2185 2454 2365 2522 itaque
2399 2467 2452 2505 25
2500 2488 2507 2507 1

400 2538 664 2590 mansione
701 2555 863 2606 usque
903 2538 971 2590 ad
1003 2538 1322 2590 tricesimam
1357 2537 1637 2590 secundam
1670 2537 1820 2589 istius
1856 2536 1999 2588 modi
2034 2536 2368 2588 continentur

519 2714 543 2756 2
564 2713 682 2756 Hier.
707 2714 746 2765 8,
769 2716 794 2757 4
907 2715 932 2757 3
956 2714 1113 2758 *Num.
1135 2715 1204 2766 33,
1227 2714 1280 2757 18
1393 2715 1420 2757 4
1441 2713 1599 2757 *Num.
1623 2714 1690 2765 13,
1713 2713 1735 2757 1
1863 2713 1915 2756 14
1937 2711 1992 2758 cf.
2017 2711 2173 2756 Onom.
2195 2724 2229 2756 s,
2252 2712 2320 2764 20,
2340 2710 2366 2755 5

411 2789 462 2830 17
482 2788 551 2831 Ps.
574 2788 669 2839 119,
689 2789 714 2830 3
842 2787 895 2830 19
916 2788 1010 2831 *Ps.
1034 2789 1128 2839 119,
1149 2790 1174 2831 4
1299 2789 1353 2831 24
1373 2787 1426 2832 cf.
1451 2788 1578 2831 Rom.
1602 2787 1667 2838 12,
1690 2787 1713 2830 1
1847 2786 1900 2830 25
1919 2786 1973 2829 cf.
1994 2787 2126 2830 Num.
2148 2799 2182 2829 c.
2204 2786 2370 2830 13—19

518 2921 543 2962 2
562 2919 691 2962 cadet
706 2919 913 2962 Xa.c.OB
981 2921 1007 2963 3
1022 2920 1220 2963 asseroth
1232 2918 1272 2963 Ω
1287 2919 1464 2975 pasSim,
1481 2919 1754 2963 amasseroth
1768 2918 1881 2975 (mas
1897 2918 2024 2975 eras.)
2037 2918 2084 2961 X
2161 2920 2305 2961 retma
2318 2917 2371 2961 W

408 2995 434 3035 4
455 2992 566 3035 libro
592 2992 704 3035 s.z.B
818 2993 844 3036 5
866 3007 966 3049 pop.
992 3007 1070 3036 om.
1087 2993 1141 3036 W
1250 2995 1275 3038 8
1300 2994 1460 3037 cat-hal.
1480 2993 1580 3037 WX
1599 2994 1729 3036 catol.
1743 2991 1783 3036 Ω
1806 2992 2015 3036 catolicus
2033 2991 2072 3034 B
2185 2992 2211 3035 9
2231 3003 2371 3047 usque

407 3066 483 3123 ad]
513 3066 641 3109 iuxta
666 3066 701 3109 Ο
863 3080 1041 3123 asyong.
1070 3068 1105 3111 Ο
1135 3067 1295 3124 esiong.
1330 3068 1450 3123 Bp.0.
1481 3067 1617 3124 siong.
1650 3066 1888 3119 WX‚Ba.c.
2041 3065 2314 3122 trigesimam
2328 3063 2370 3109 Ω

410 3142 461 3184 10
481 3142 663 3197 pharam
684 3141 723 3183 B
784 3139 1042 3183 solitudines
1063 3141 1114 3183 W
1173 3143 1225 3185 13
1243 3142 1312 3198 ut]
1331 3145 1376 3185 et
1394 3142 1494 3186 WX
1550 3144 1604 3186 14
1623 3141 1793 3185 sonitus
1813 3155 1864 3184 ex
1880 3154 2012 3183 sonus
2032 3139 2083 3183 W
2143 3152 2277 3195 quam
2292 3138 2373 3183 OB

410 3214 462 3258 15
492 3214 765 3257 archeuthon
791 3214 892 3257 WX
920 3214 1047 3257 arche
1074 3219 1126 3257 ut
1152 3215 1240 3257 hon
1268 3216 1306 3258 B
1333 3216 1576 3259 archeuton
1593 3216 1629 3260 Ο
1662 3214 1910 3271 ἄρκὲυθον
1933 3229 1958 3269 ς
2070 3212 2311 3269 significari
2332 3211 2373 3257 Ω

409 3287 730 3331 contenduntO
790 3290 843 3332 18
857 3288 1093 3344 respondet
1110 3304 1133 3343 ς
1203 3289 1256 3332 19
1269 3292 1470 3345 potentes
1485 3290 1679 3342 W,Xa.c.
1754 3291 1936 3332 accutae
1949 3286 1989 3332 Ω
2058 3289 2108 3332 21
2124 3287 2190 3331 ita
2202 3301 2280 3331 om.
2293 3286 2373 3331 OB

413 3375 577 3416 prunae
602 3362 647 3404 X
783 3361 948 3405 fuerint
969 3362 1069 3405 WX
1192 3366 1372 3418 oportae
1396 3363 1441 3406 X
1573 3366 1625 3408 22
1650 3364 1707 3407 ad
1728 3377 1806 3407 om.
1826 3363 1862 3407 Ο
1994 3361 2255 3418 perueniant
2275 3360 2375 3405 WX

412 3449 465 3476 ex
480 3447 567 3490 qua
579 3434 788 3478 discimus
804 3436 903 3478 WX
917 3437 1034 3491 quod
1048 3435 1235 3478 sciamus
1245 3437 1280 3480 O
1295 3436 1472 3492 quidem
1485 3437 1645 3480 scimus
1662 3437 1701 3480 B
1851 3436 2079 3494 sepulchra
2096 3434 2183 3480 ΧΩ
2195 3448 2288 3479 -cra
2300 3436 2370 3478 eet.

410 3510 463 3550 24
486 3509 681 3551 feruente
702 3507 741 3551 Ω
833 3509 966 3566 claro]
990 3511 1129 3553 calore
1152 3510 1204 3552 W
1283 3524 1436 3566 euang.
1458 3510 1503 3553 in
1525 3512 1600 3554 alt.
1624 3525 1690 3555 ex.
1714 3525 1821 3555 uoce
1838 3510 1918 3555 OB
2015 3510 2061 3553 in
2082 3510 2223 3554 altum
2245 3522 2324 3553 om.
2349 3523 2375 3564 ς

411 3583 464 3624 26
498 3582 765 3637 trigesimam
793 3583 832 3627 Ω
947 3583 1199 3627 continente
1220 3584 1299 3627 OB

2510 935 2528 999 Α

2508 1017 2522 1132 J
