2482 4230
28 303 41 361 ε,

28 362 46 442 ἓ.

28 446 48 487 ἓ,

28 491 35 554 3

28 563 46 609 ἑ.

762 411 798 454 Ε
814 411 1043 468 pistula
1083 411 1224 454 cxvi
1264 412 1401 456 8—10
1712 446 1716 450 .
1954 397 2054 452 403

95 564 358 620 obseruari
375 572 503 619 tunc
519 566 621 619 ista
639 566 887 618 deberent
906 572 1117 633 propter
1135 566 1605 619 commendandam
1623 566 1815 620 scilicet
1835 569 2056 621 auctori-

28 654 30 708 ἔ
93 653 261 700 tatem
285 646 520 700 diuinam
544 652 596 699 et
621 652 1065 699 sacramentorum
1088 646 1293 699 illorum
1317 647 1676 715 propheticam
1702 648 2054 712 sanctitatem,

28 740 33 793 ξι
93 744 198 780 non
220 733 434 796 propter
456 726 846 796 adipiscendam
871 726 1109 791 salutem,
1138 743 1268 795 quae
1292 727 1397 780 iarn
1420 728 1473 779 in
1497 727 1700 780 Christo
1725 729 2056 782 reuelabatur

28 823 30 829 ’
94 815 147 862 et
177 824 269 877 per
299 807 549 877 baptismi
581 814 964 862 sacramentum
995 808 1408 872 ministrabatur,
1443 809 1533 860 sed
1563 808 1637 860 illi
1667 810 1764 862 hoc
1798 810 1859 861 de
1893 811 2053 863 Paulo

43 900 46 901 ’
95 894 406 958 sparserant,
433 888 522 958 qui
543 888 615 942 sic
637 906 697 941 ea
718 887 967 942 uolebant
990 889 1270 953 obseruari,
1294 896 1568 958 tamquam
1591 890 1697 942 sine
1721 889 1799 942 his
1822 891 1875 942 in
1899 907 2055 944 euan-

28 977 29 1010 ³
90 970 219 1039 gelio
252 969 388 1023 salus
419 969 747 1024 credentibus
779 986 886 1023 esse
906 986 1011 1023 non
1030 976 1220 1039 posset.
1262 970 1434 1040 ipsum
1453 971 1591 1024 enim
1611 977 1880 1024 senserant
1899 973 2052 1024 uehe-

28 1070 30 1108 ;
92 1050 474 1104 meritissimum
515 1051 713 1119 gratiae
755 1051 1169 1120 praedicatorem
1202 1058 1253 1105 et
1287 1052 1566 1105 intentioni
1609 1069 1787 1105 eorum
1829 1052 2054 1106 maxime

91 1133 370 1186 aduersum
395 1132 669 1185 docentem
685 1149 791 1204 non
810 1150 900 1202 per
918 1133 1004 1186 illa
1018 1133 1287 1186 hominem
1304 1132 1593 1196 iustificari,
1615 1134 1705 1186 sed
1722 1150 1814 1202 per
1831 1134 2054 1202 gratiam

28 1244 29 1249 =
94 1214 210 1266 Iesu
238 1213 444 1277 Christi,
474 1214 618 1267 cuius
646 1214 1094 1282 praenuntiandae
1124 1231 1279 1268 causa
1306 1214 1422 1267 illae
1450 1215 1664 1267 umbrae
1692 1215 1746 1266 in
1772 1214 1881 1283 lege
1909 1231 2054 1268 man-

94 1294 249 1348 datae
275 1300 412 1348 sunt.
459 1300 511 1348 et
534 1294 652 1348 ideo
675 1294 749 1347 illi
771 1295 1025 1348 inuidiam
1049 1302 1101 1349 et
1125 1295 1535 1365 persecutionem
1559 1296 1816 1350 concitare
1842 1295 2055 1349 molien-

24 1370 30 1434 ξ
91 1381 169 1428 tes
205 1382 481 1445 tamquam
515 1375 784 1428 inimicum
817 1375 941 1445 legis
976 1377 1449 1446 mandatorumque
1486 1375 1782 1430 diuinorum
1818 1376 2056 1430 crimina-

27 1455 32 1499 i
90 1458 299 1516 bantur,
336 1455 480 1510 cuius
515 1456 675 1510 falsae
710 1457 1084 1512 criminationis
1118 1457 1374 1512 inuidiam
1409 1459 1774 1527 congruentius
1821 1458 2053 1511 deuitare

26 1546 38 1615 Ξῖ
91 1554 195 1590 non
229 1544 421 1607 posset,
460 1545 619 1608 quam
653 1546 714 1592 ut
750 1555 810 1591 ea
844 1539 952 1608 ipse
988 1540 1287 1602 celebraret,
1328 1556 1458 1608 quae
1496 1541 1742 1593 damnare
1779 1546 2054 1608 tamquam

27 1617 31 1674 i
90 1618 335 1688 sacrilega
367 1621 671 1687 putabatur,
706 1625 865 1690 atque
899 1621 973 1675 ita
1007 1622 1304 1674 ostenderet
1336 1637 1429 1674 nec
1466 1619 1686 1674 Iudaeos
1719 1626 1848 1674 tunc
1880 1622 1946 1674 ab
1982 1620 2053 1673 eis

91 1706 365 1769 tamquam
396 1717 426 1753 a
458 1701 666 1754 nefariis
696 1702 1043 1770 prohibendos
1062 1719 1157 1755 nec
1175 1700 1390 1772 gentiles
1412 1701 1480 1755 ad
1501 1720 1561 1755 ea
1582 1708 1854 1767 tamquam
1877 1702 1944 1754 ad
1966 1695 2052 1753 ne'-

28 1853 31 1865 ,
90 1780 310 1836 cessaria
345 1782 725 1851 conpellendOS.

223 1864 301 1916 10.
335 1864 473 1917 Nam
501 1862 544 1917 si
571 1880 624 1916 re
652 1880 777 1916 uera
807 1864 878 1917 sic
907 1880 967 1916 ea
996 1866 1313 1933 reprobaret,
1347 1880 1503 1932 quem
1531 1865 1600 1918 ad
1628 1865 1843 1917 modum
1872 1863 1936 1916 de
1966 1863 2051 1916 illo

89 1942 331 1998 auditum
368 1951 497 2009 erat,
537 1951 590 1998 et
627 1944 742 1997 ideo
782 1946 1091 1999 celebranda
1129 1945 1427 2015 susciperet,
1467 1951 1528 1999 ut
1566 1946 1769 1999 actione
1809 1945 2053 1998 simulata

88 2041 237 2079 suam
280 2034 455 2095 posset
501 2026 759 2079 occultare
806 2028 1140 2090 sententiam,
1186 2043 1290 2079 non
1335 2025 1383 2079 ei
1429 2026 1622 2080 diceret
1670 2028 1913 2080 Iacobus:
1981 2034 2052 2079 et

55 2108 63 2115 ‘
90 2123 112 2159 s
133 2106 196 2160 ci
216 2124 242 2160 e
263 2124 298 2159 n
318 2113 342 2160 t
385 2124 413 2160 o
435 2124 489 2160 m
507 2124 543 2159 n
564 2125 589 2160 e
612 2124 652 2167 s,
694 2107 784 2160 sed
807 2108 1025 2162 diceret:
1054 2106 1123 2161 ‘et
1146 2109 1415 2176 putabunt
1439 2107 1650 2172 omnes‘‚
1678 2125 1710 2176 q
1730 2126 1764 2161 u
1787 2124 1815 2159 o
1836 2108 1907 2160 ni
1928 2125 1958 2160 a
1980 2123 2049 2175 m,
2119 2149 2120 2152 η

92 2205 276 2257 quae
323 2188 402 2242 de
446 2194 517 2242 te
562 2188 1004 2253 audierunt,
1050 2189 1253 2243 falsa
1298 2196 1491 2252 sunt,
1519 2188 1823 2259 praesertim
1850 2188 1971 2257 quia
1997 2188 2050 2240 in

91 2269 214 2338 ipsis
289 2270 666 2339 Hierosolymis
738 2270 963 2340 apostoli
1024 2271 1131 2324 iam
1205 2270 1555 2334 decreuerant,
1638 2288 1702 2324 ne
1772 2270 2048 2338 quisquam

27 2343 43 2410 ἶ
90 2355 269 2418 gentes
312 2357 517 2420 cogeret
560 2350 839 2412 iudaizare,
891 2369 996 2405 non
1035 2358 1214 2406 autem
1265 2351 1619 2415 decreuerant,
1663 2369 1726 2404 ne
1772 2350 2049 2420 quisquam

87 2438 215 2486 tunc
250 2433 472 2487 Iudaeos
504 2432 765 2486 iudaizare
801 2433 1114 2502 prohiberet,
1152 2434 1392 2503 quamuis
1427 2433 1588 2486 etiam
1621 2432 1759 2502 ipsos
1793 2433 1898 2485 iam
1933 2433 2051 2486 doc-

40 2508 42 2513 ’
84 2513 224 2568 trina
266 2512 558 2568 Christiana
599 2532 705 2568 non
747 2521 965 2584 cogeret.
1030 2516 1263 2584 proinde,
1308 2513 1351 2568 si
1392 2509 1512 2583 post
1554 2515 1651 2568 hoc
1693 2514 2050 2583 apostolorum

85 2594 352 2649 decretum
400 2597 585 2650 Petrus
634 2596 821 2650 habuit
870 2596 1012 2650 illam
1060 2597 1114 2649 in
1164 2596 1443 2650 Antiochia
1493 2596 1894 2659 simulationem,
1948 2613 2050 2664 qua

86 2682 263 2745 gentes
302 2683 506 2747 cogeret
546 2678 825 2742 iudaizare,
878 2678 1127 2747 quoniam
1174 2695 1270 2731 nec
1317 2679 1425 2748 ipse
1464 2680 1763 2747 cogebatur,
1809 2676 2048 2746 quamuis

83 2765 296 2827 propter
325 2760 740 2813 commendanda
770 2759 974 2830 eloquia
1006 2760 1104 2824 dei,
1140 2777 1271 2830 quae
1305 2760 1511 2814 Iudaeis
1544 2766 1666 2813 sunt
1698 2758 1912 2822 credita,
1945 2774 2050 2811 non

84 2839 474 2908 prohibebatur,
509 2840 635 2909 quid
663 2841 870 2905 mirum,
904 2841 946 2894 si
977 2841 1366 2911 constringebat
1397 2858 1516 2894 eum
1548 2841 1740 2894 Paulus
1771 2840 1927 2893 libere
1960 2838 2049 2892 ad-

57 2919 65 2928 ”
85 2936 263 2985 serere,
301 2922 442 2990 quod
475 2938 594 2975 cum
628 2922 808 2976 ceteris
844 2922 1092 2992 apostolis
1128 2940 1179 2975 se
1215 2922 1588 2991 Hierosolymis
1624 2921 1907 2975 decreuisse
1943 2937 2048 2972 me-

28 3035 41 3058 »,
62 3011 63 3014 ’
84 3002 344 3056 minerat?

234 3149 287 3202 19
309 3147 434 3194 *Aca
458 3150 525 3199 21,
548 3152 600 3195 24
676 3140 729 3194 22
749 3148 805 3196 cf,
828 3150 926 3193 Act.
953 3150 1017 3199 15,
1041 3152 1095 3195 28
1170 3151 1222 3196 28
1244 3150 1299 3195 of.
1326 3151 1453 3195 Rom.
1475 3152 1515 3200 3,
1538 3153 1562 3195 2

232 3265 255 3307 1
270 3264 496 3322 deberent]
518 3265 725 3312 dicebant
739 3266 781 3323 Q
802 3310 806 3317 ,
848 3266 1187 3312 comendantem
1201 3267 1243 3324 Q
1314 3270 1338 3312 2
1354 3272 1631 3312 sacramenta
1648 3266 1689 3322 Q
1768 3268 1793 3310 6
1808 3265 1974 3321 possint
1996 3278 2046 3307 ex

45 3332 48 3339 ’
86 3345 265 3397 possent
286 3346 309 3397 ὅ
382 3341 408 3384 8
428 3341 638 3385 aduersus
661 3339 703 3397 Q
776 3339 898 3384 illam
919 3340 988 3397 &ni
1064 3341 1089 3383 9
1115 3355 1246 3386 cause
1269 3341 1311 3398 Q
1398 3340 1442 3384 in
1462 3354 1539 3385 om.
1559 3339 1600 3395 Q
1686 3342 1738 3383 10
1759 3339 1859 3382 mol.
1883 3351 2001 3382 conc.
2022 3352 2046 3392 ς

40 3410 49 3476 ’φ
89 3412 142 3458 13
159 3412 257 3472 ipsa
279 3413 321 3470 Q
397 3413 450 3458 15
469 3413 656 3460 nefarios
679 3413 721 3470 Q
797 3414 847 3457 17
862 3427 906 3457 re
919 3429 997 3459 om.
1015 3414 1194 3470 umam?
1271 3415 1371 3460 aud.
1389 3409 1529 3458 de‘illo
1544 3414 1640 3468 (seq.
1657 3427 1738 3457 rras.
1756 3414 1866 3457 5-6
1880 3412 1982 3469 litt.)
2003 3411 2045 3468 Q

32 3488 66 3541 {51
83 3484 156 3531 issa
176 3487 192 3532 i
284 3487 334 3532 18
354 3485 426 3543 ut]
445 3493 489 3533 et
511 3494 534 3544 ὃ
645 3487 698 3531 19
720 3501 843 3544 posse
859 3487 901 3543 Q
1008 3488 1152 3533 dicere
1175 3488 1218 3545 Q
1331 3489 1383 3534 20
1404 3488 1565 3532 scirent
1582 3487 1622 3543 Q
1736 3493 1803 3531 set
1825 3485 1980 3532 dicerit
2001 3485 2043 3542 Q

85 3561 306 3618 putabant
326 3560 391 3606 ia.
409 3573 441 3603 e.
521 3562 573 3607 23
591 3559 782 3618 cogeret]
803 3561 1001 3605 crederet
1023 3561 1064 3618 Q
1161 3563 1215 3606 26
1236 3561 1477 3606 antiociam
1502 3561 1542 3616 Q
1639 3574 1753 3617 quae
1774 3562 1787 3606 i
1882 3561 1934 3605 27
1956 3572 2045 3616 quo

30 3641 33 3643 ’
70 3623 173 3676 ¹iam
194 3640 220 3690 ι)
241 3633 383 3678 coiam
405 3634 448 3692 Q
470 3636 590 3692 quod
612 3634 702 3680 iam
722 3634 735 3678 i
811 3635 866 3680 30
886 3635 923 3679 si
943 3641 966 3692 ὃ

1872 3722 1951 3765 26*
