2528 4186
802 391 1085 448 Epistula
1118 393 1310 436 XCVIII
1338 394 1447 438 5—7'
2003 383 2094 436 191

148 544 349 615 regulas
381 550 461 599 est
491 544 709 610 locutus,
743 550 956 616 propter
987 545 1089 599 alia
1119 546 1226 600 eius
1258 547 1452 616 scripta
1482 547 1769 601 defendere.
1811 549 1931 602 licet
1963 551 2100 603 enim

68 660 70 662 -
152 627 399 681 aduersus
430 626 674 680 Arrianos
713 632 767 682 et
802 627 1154 681 Eunomianos
1191 628 1450 697 scripserit
1486 634 1538 681 et
1569 629 1839 698 Origenem
1875 630 2102 700 aliosque

22 764 23 767 ,
68 771 70 774 y
148 706 400 762 hereticos
430 724 524 761 sua
549 707 902 777 disputatione
930 708 1260 774 subuerterit‚
1291 714 1484 774 tamen,
1518 710 1607 778 qui
1634 726 1830 763 mernor
1859 717 1937 764 est
1966 711 2099 764 illius

18 795 64 856 J*
151 789 437 858 praecepti:
482 806 622 842 non
665 789 1009 860 accipies
1051 807 1452 860 personam
1497 790 1568 844 in
1612 790 1926 855 iudicio,
1973 792 2102 845 ueri-

18 865 29 929 ?
68 910 69 913 η
150 874 317 923 tatem
343 886 542 940 semper
563 869 721 923 debet
746 871 968 942 diligere,
995 888 1100 925 non
1122 888 1383 940 personas,
1411 877 1465 925 et
1489 872 1630 937 scire,
1660 872 1799 941 quod
1822 873 1875 925 in
1899 873 2101 942 dispen-

17 944 22 1018 ‹ss
59 958 61 962 '
149 950 348 1004 satione
382 950 622 1015 hominis,
663 968 816 1021 quem
851 969 945 1022 pro
982 952 1148 1006 salute
1184 957 1365 1007 nostra
1399 953 1693 1023 unigenitus
1729 953 1868 1006 filius
1905 955 1987 1007 dei
2024 962 2103 1008 est

17 1023 23 1094 ξ
67 1021 74 1027 ”
147 1031 391 1101 dignatus
422 1031 705 1097 adsumere,
738 1049 843 1087 non
872 1033 942 1087 sit
971 1034 1168 1091 alienus
1198 1051 1230 1087 a
1260 1033 1427 1103 culpa,
1462 1034 1551 1104 qui
1580 1051 1732 1103 super
1762 1035 1936 1089 anima
1965 1035 2100 1089 illius

147 1129 387 1181 peruersa
430 1118 484 1166 et
525 1113 782 1168 intellexit
825 1120 879 1168 et
922 1115 1142 1184 scripsit.
1207 1115 1342 1169 sicut
1386 1115 1523 1168 enim
1568 1116 1832 1185 apostolus
1877 1116 1975 1169 ait:
2040 1117 2102 1170 si

148 1194 584 1262 expendero
639 1202 919 1249 omnem
971 1196 1507 1250 substantiam
1559 1215 1784 1251 meam
1837 1203 1908 1250 et
1962 1204 2101 1252 tra-

20 1282 90 1289 '‘
149 1274 418 1328 didero
480 1274 757 1345 corpus
821 1295 1069 1342 meum,
1142 1283 1221 1330 ut
1287 1277 1603 1343 ardeam,
1679 1279 2100 1332 caritatem

146 1361 398 1410 autem
466 1372 607 1411 non
674 1357 1027 1424 habuero,
1099 1358 1303 1412 nihil
1369 1359 1554 1412 mihi
1622 1361 1853 1429 prode
1931 1360 2099 1424 erit,

16 1436 51 1490 ΗΞ
146 1436 223 1490 ita
252 1437 359 1500 siue
388 1438 503 1503 iste,
535 1439 599 1492 de
633 1457 734 1510 quo
764 1455 903 1493 nunc
931 1457 1098 1494 sermo
1130 1445 1224 1505 est,
1258 1441 1365 1494 siue
1398 1441 1640 1510 Origenes
1672 1447 1725 1494 et
1754 1441 1842 1495 alii
1869 1441 2097 1506 heretici,

147 1519 384 1587 quamuis
410 1519 707 1592 scripserint
733 1520 923 1590 aliqua,
955 1538 1086 1592 quae
1114 1521 1485 1579 ecclesiasticae
1511 1522 1636 1576 fidei
1661 1540 1765 1576 non
1790 1529 2096 1592 repugnent,

144 1604 322 1653 tamen
348 1617 454 1654 non
481 1607 633 1654 erunt
660 1601 854 1672 absque
883 1603 1093 1656 crimine
1121 1608 1174 1656 et
1200 1603 1253 1656 in
1279 1603 1375 1668 his,
1408 1620 1538 1673 quae
1566 1603 1871 1674 principalia
1895 1611 2018 1658 sunt
2045 1611 2100 1659 et

146 1684 213 1736 ad
246 1681 468 1735 salutem
503 1683 823 1737 credentium
856 1683 1134 1753 pertinent,
1171 1684 1542 1751 ecclesiasticae
1575 1685 1695 1739 fidei
1730 1692 2095 1755 repugnantes,

20 1819 22 1821 ,
143 1778 309 1834 neque
328 1762 482 1822 enim,
501 1769 562 1816 ut
580 1764 687 1833 ipse
708 1782 826 1818 cum
845 1765 1187 1822 sectatoribus
1208 1766 1312 1820 suis
1329 1765 1515 1820 nititur
1534 1767 1837 1835 adprobare,
1858 1768 2098 1824 dominus

20 1852 59 1915 ,gi
143 1852 319 1900 noster
352 1851 510 1914 atque
543 1845 773 1900 saluator
806 1846 1034 1900 animam
1065 1847 1173 1904 ,sine
1207 1863 1358 1900 sensu
1391 1848 1682 1917 adsumpsit
1714 1854 1768 1901 et
1798 1855 1971 1906 mente
2005 1854 2099 1902 aut
2149 1866 2154 1869 “

20 1951 21 1960 ¹
56 1938 57 1941 ’
144 1927 369 1981 mediam
399 1931 603 1995 partem
634 1927 741 1981 eius
773 1928 1005 1998 duasque
1035 1929 1099 1982 de
1130 1928 1296 1982 tribus
1328 1928 1435 1983 siue
1466 1930 1693 1995 tertiam,
1726 1935 1788 1982 ut
1817 1930 2097 2000 inperfecte

145 2008 407 2062 hominem
442 2007 669 2062 saluaret
704 2009 1056 2079 adsumptum,
1103 2010 1225 2080 quia
1259 2027 1353 2063 nec
1388 2011 1559 2064 media
1593 2028 1687 2064 nec
1721 2011 1947 2080 reliquae
1983 2029 2098 2080 por-

144 2090 310 2144 tiones
334 2089 552 2158 perfecti
574 2107 763 2146 nomen
787 2091 1056 2161 accipient.
1084 2097 1153 2156 et,
1179 2091 1329 2156 sicut,
1360 2093 1498 2161 quod
1523 2092 1810 2162 perfectum
1835 2098 1928 2157 est,
1958 2098 2098 2146 caret

21 2164 46 2231 ᾖ
142 2170 414 2242 inperfecti
449 2170 595 2235 uitio,
635 2171 723 2237 sic,
765 2173 904 2241 quod
940 2172 1284 2241 inperfectum
1322 2179 1416 2238 est,
1456 2174 1745 2244 perfectum
1781 2190 1886 2228 non
1922 2172 2098 2243 potest

20 2251 79 2321 ᾆξ’,
143 2252 259 2306 (1101.
304 2258 357 2305 et
380 2252 423 2306 si
445 2252 726 2322 inperfecte
749 2253 1141 2308 similitudinem
1163 2260 1397 2308 nostram
1420 2255 1504 2308 uel
1525 2273 1589 2308 ex
1611 2261 1760 2325 parte
1784 2261 2094 2324 susceperat,

59 2342 70 2402 'j
146 2333 403 2403 quomodo
442 2333 496 2386 in
533 2334 797 2404 euangelio
836 2335 1169 2404 loquebatur:
1227 2353 1262 2388 n
1283 2353 1308 2388 e
1329 2353 1383 2389 m
1404 2353 1432 2389 o
1489 2342 1514 2389 t
1534 2354 1562 2390 o
1583 2336 1676 2390 111
1696 2342 1719 2389 t
1775 2354 1807 2389 a
1825 2337 1970 2390 111111
1991 2354 2022 2390 a
2041 2354 2094 2390 m

17 2402 78 2490 ξῖ
142 2431 367 2469 meam
416 2431 448 2468 a
485 2432 600 2469 1110.
654 2422 1139 2484 potestatem
1178 2416 1417 2471 habeo
1458 2417 1793 2487 ponendi
1834 2435 1984 2471 eam
2025 2423 2096 2471 et

97 2527 103 2543 ψ
147 2501 629 2566 potestatem
662 2496 900 2551 habeo
938 2498 1284 2559 sumendi
1319 2499 1508 2552 eam?
1552 2498 2096 2570 quaeautemtollitur

143 2583 302 2647 atque
329 2577 622 2647 deponitur,
650 2595 745 2632 nec
770 2578 1093 2633 inrationalis
1120 2595 1215 2633 nec
1243 2579 1436 2649 absque
1464 2587 1638 2634 mente
1666 2586 1719 2634 et
1746 2579 2097 2650 intellegentia

75 2702 77 2706 .
143 2658 244 2712 (1101
280 2664 471 2729 potest,
513 2659 604 2714 sed
642 2677 668 2713 e
709 2661 965 2714 contrario
1003 2660 1272 2715 rationalis
1311 2667 1365 2715 et
1403 2661 1735 2731 intelligibilis
1776 2667 1829 2715 et
1866 2668 2096 2716 mentem

18 2766 59 2807 ς
140 2739 335 2798 habens
371 2756 432 2794 ac
466 2740 708 2795 sentiens
2160 2747 2164 2750 ’

277 2823 321 2875 7.
358 2822 531 2891 Atque
563 2822 640 2876 ita
669 2822 777 2892 ipse
810 2823 1178 2892 disputationis
1212 2794 1335 2878 ordo
1371 2825 1631 2879 conuincit
1662 2824 1792 2879 nihil
1821 2841 1854 2878 a
1884 2819 2092 2878 domino

46 2885 62 2915 '⁵'
81 2926 100 2961 z*
143 2902 487 2973 inperfectum
514 2921 620 2959 esse
649 2910 964 2974 susceptum,
993 2905 1084 2961 sed
1112 2906 1450 2975 adsumptum
1477 2906 1543 2959 ab
1572 2924 1630 2960 eo
1658 2906 1919 2959 hominem
1947 2905 2093 2975 plene

120 3027 121 3030 ,
141 2983 469 3053 perfecteque
513 2984 789 3038 saluatum.
852 2985 981 3039 nulli
1024 2986 1161 3040 enim
1204 2987 1437 3053 dubium,
1485 2988 1608 3056 quin
1651 2986 2092 3041 inrationabilium

141 3064 490 3120 iumentorum
529 3066 730 3120 animae
770 3084 874 3120 non
912 3073 1175 3136 ponantur
1214 3074 1269 3122 et
1306 3074 1651 3133 resumantur,
1694 3070 1782 3123 sed
1824 3085 1941 3122 cum
1982 3086 2088 3121 cor-

246 3244 272 3287 4
296 3242 453 3286 *Deut
476 3243 518 3296 1,
537 3244 587 3287 17
699 3245 725 3288 8
747 3244 797 3286 *Ι
819 3244 913 3288 Cor.
936 3244 1000 3298 13,
1023 3245 1050 3288 3
1164 3245 1217 3289 23
1240 3245 1362 3291 *Ioh.
1386 3246 1451 3300 10,
1475 3247 1530 3290 18

45 3415 91 3452 ,μζ
244 3390 271 3434 5
294 3388 392 3434 deb.
413 3403 582 3447 semper
598 3391 638 3435 U
734 3391 782 3434 in
803 3404 887 3435 om.
905 3391 944 3434 V
1049 3392 1075 3435 6
1097 3404 1230 3449 quam
1249 3392 1328 3436 TV
1434 3391 1549 3449 dign.
1574 3395 1639 3436 est
1665 3406 1689 3446 ς
1777 3392 1825 3460 11
1850 3390 2035 3435 habeam
2054 3392 2093 3435 U

34 3483 82 3512 ,-
139 3461 331 3518 proderit
354 3465 563 3519 Tp‚c.UV
657 3465 709 3507 12
728 3463 916 3522 origenis
934 3464 1012 3509 TV
1125 3468 1180 3510 14
1197 3480 1263 3522 pr.
1285 3466 1345 3523 et]
1370 3466 1504 3509 etiam
1521 3466 1561 3509 V
1673 3465 1726 3509 15
1746 3464 1970 3522 pertinent
1992 3468 2035 3508 et
2053 3466 2093 3509 U

12 3527 15 3576 l
139 3534 192 3580 19
210 3536 393 3594 reliquie
407 3538 448 3582 U
579 3539 632 3582 20
652 3538 757 3595 perf.
781 3537 916 3595 nom.]
938 3538 1250 3595 perfectionem
1264 3538 1303 3581 V
1435 3539 1663 3595 accipiunt
1680 3540 1718 3582 L*
1864 3539 1914 3582 24
1933 3551 2091 3595 pon,-

13 3627 15 3679 j
138 3607 277 3654 liabeo
297 3624 376 3656 om.
396 3613 437 3656 U
550 3611 601 3655 25
623 3611 736 3669 eam]
757 3611 877 3655 illam
895 3613 933 3656 Τ
1044 3614 1098 3657 30
1120 3614 1246 3670 pleno
1268 3613 1547 3670 perfectoque
1569 3613 1607 3656 V

2135 1133 2156 1167 3

2131 1783 2153 1818 4
