2528 4186
437 364 531 416 192
1116 375 1701 431 SanctiHieronymi

439 532 649 601 poribus
671 536 888 602 pereant
921 535 974 584 et
993 531 1047 584 in
1079 530 1345 600 puluerem
1379 530 1747 584 dissoluantur.
1772 528 1924 599 porro
1957 532 2188 586 saluator
2215 534 2401 588 tollens
2513 598 2517 606 A

442 615 671 668 animam
692 619 746 667 et
767 629 1012 683 separans
1043 630 1074 666 a
1096 629 1304 681 corpore
1327 629 1419 665 suo
1448 612 1500 664 in
1523 617 1755 681 tempore
1777 612 2029 681 passionis
2050 629 2257 668 rursum
2279 631 2395 668 eam

382 711 403 747 2
439 695 492 748 in
523 695 895 748 resurrectione
930 693 1171 763 suscepit.
1214 699 1268 747 et
1288 692 1455 747 multo
1481 699 1616 758 ante,
1645 710 1804 762 quam
1836 692 2047 759 faceret,
2082 694 2395 764 loquebatur

440 777 491 830 in
551 776 775 846 psalmo:
841 793 982 829 non
1065 774 1569 843 derelinques
1637 775 1957 828 animam
2028 792 2255 830 meam
2324 777 2396 831 in

439 858 747 912 inferno
802 874 933 911 nec
987 856 1208 910 dabis
1281 861 1632 910 sanctum
1686 862 1894 910 tuum
1933 857 2199 911 uidere
2251 875 2397 912 cor·
2432 874 2458 911 5

438 957 462 992 r
482 958 517 993 u
537 956 571 1009 p
592 945 616 992 t
637 940 654 992 i
676 957 703 992 o
725 957 759 992 n
781 957 806 992 e
826 957 895 992 m.
950 955 1045 991 nec
1096 937 1335 991 credibile
1386 943 1480 1002 est,
1555 938 1695 1007 quod
1754 938 1820 991 ad
1872 938 2062 992 inferos
2121 955 2237 992 caro
2293 940 2402 993 eius

438 1021 761 1075 descenderit
793 1020 877 1074 uel
909 1020 1189 1089 prudentia
1220 1019 1402 1084 carnis,
1442 1036 1574 1088 quae
1609 1019 1874 1090 appellata
1906 1020 1974 1073 sit
2014 1020 2203 1085 anima,
2229 1021 2404 1075 inferis

438 1103 753 1172 apparuerit,
793 1102 899 1166 sed,
940 1102 1079 1170 quod
1129 1117 1312 1170 corpus
1375 1101 1482 1154 eius
1540 1101 1769 1169 positum
1817 1101 1869 1154 in
1920 1101 2190 1170 sepulchro
2230 1102 2300 1156 sit
2349 1109 2404 1156 et

439 1185 546 1254 ipse
595 1201 690 1237 nec
728 1184 792 1237 de
844 1200 1053 1252 corpore
1104 1188 1157 1235 et
1207 1181 1463 1252 sapientia
1513 1182 1678 1236 carnis
1727 1198 1824 1237 nec
1849 1183 1930 1258 *de
1981 1183 2259 1238 diuinitate
2309 1201 2405 1238 sua
2517 1253 2519 1255 ι

440 1266 653 1319 dixerit:
730 1282 871 1319 non
933 1263 1438 1333 derelinques
1504 1264 1822 1317 animam
1884 1282 2109 1318 meam
2172 1265 2244 1318 in
2307 1265 2402 1319 in·
2436 1277 2520 1319 11)Ι

438 1348 459 1400 f
480 1366 506 1401 e
525 1365 550 1400 r
570 1365 605 1400 n
627 1366 670 1412 o,
702 1347 791 1400 sed
817 1364 937 1399 uere
964 1346 1027 1399 de
1053 1350 1264 1398 nostrae
1288 1350 1509 1399 naturae
1538 1345 1726 1410 anima,
1756 1351 1817 1399 ut
1842 1346 2130 1415 perfectam
2158 1363 2217 1400 ac
2241 1346 2400 1402 ratio-

439 1429 610 1482 nalem
638 1434 692 1481 et
717 1427 1092 1497 intelligibilem
1120 1432 1279 1496 atque
1308 1426 1599 1481 sensibilem
1629 1428 1695 1480 ad
1721 1427 1911 1480 inferos
1941 1428 2169 1482 animam
2195 1428 2403 1485 descen-

383 1526 404 1560 3
439 1510 573 1563 disse
601 1515 934 1563 monstraret.
983 1509 1255 1561 hortamur
1284 1525 1385 1573 eOS,
1419 1507 1509 1577 qui
1537 1508 1666 1562 talia
1693 1509 1920 1578 sapiunt,
1952 1514 2013 1562 ut
2041 1526 2234 1563 errores
2261 1510 2406 1564 here-

438 1592 568 1644 ticos
593 1591 944 1660 relinquentes
973 1589 1314 1659 adquiescant
1340 1589 1715 1644 ecclesiasticae
1742 1590 1956 1644 ueritati
1983 1596 2036 1644 et
2060 1591 2406 1646 festiuitatem

438 1673 727 1726 dominicae
770 1672 1023 1742 passionis
1065 1689 1170 1727 non
1211 1671 1410 1728 faciant
1450 1671 1792 1741 inperfectam
1833 1688 1929 1726 nec
1969 1672 2307 1742 principalem
2349 1679 2404 1726 et
2438 1687 2490 1725 15

438 1755 687 1828 maiorem
706 1754 931 1807 hominis
952 1759 1158 1824 partem
1177 1753 1231 1808 in
1252 1753 1512 1807 saluatore
1533 1759 1722 1823 negent
1743 1753 1941 1823 absque
1962 1754 2138 1808 anima
2157 1759 2210 1808 et
2229 1760 2404 1808 mente

441 1853 622 1906 corpus
647 1836 786 1890 illius
813 1837 1126 1893 adserentes.
1173 1835 1215 1888 si
1240 1835 1378 1888 enim
1402 1835 1480 1888 ita
1503 1841 1632 1900 erat,
1661 1835 1786 1904 quid
1810 1836 1874 1889 de
1899 1852 1952 1890 se
1978 1836 2154 1890 uolens
2179 1836 2408 1907 intellegi

439 1918 776 1987 loquebatur:
819 1922 1089 1987 pastor
1127 1916 1366 1970 bonus
1407 1917 1728 1970 animam
1770 1934 1973 1970 suam
2011 1918 2237 1986 ponit
2274 1934 2405 1987 pro
2491 1945 2494 1946 ⁷

442 2017 469 2053 o
492 2017 526 2052 u
547 1999 563 2051 i
584 1999 618 2052 b
639 2018 674 2052 u
694 1999 755 2053 s?
804 2005 857 2052 et
884 1999 928 2053 si
954 2004 1167 2052 tantum
1196 2015 1403 2052 carnem
1429 1998 1654 2053 hominis
1682 1999 2062 2068 adsumpserat,
2093 2016 2183 2053 cur
2209 1999 2263 2053 in
2289 2015 2406 2069 pas-
2508 2067 2509 2070 Ἴ

438 2082 578 2134 sione
614 2081 846 2136 dicebat:
906 2080 1248 2150 spiritus
1301 2086 1725 2150 promthS,
1784 2097 1955 2134 caro
2010 2086 2266 2136 autem
2312 2081 2406 2134 in·
2438 2092 2519 2149 20„

445 2162 466 2214 f
487 2163 503 2215 i
524 2181 549 2215 r
570 2180 624 2216 m
647 2161 715 2216 a?
1904 2169 1906 2171 ’
2491 2222 2504 2226 s

571 2245 617 2297 8.
638 2245 789 2298 Unde
809 2244 1077 2298 sciendum
1097 2249 1191 2308 est,
1211 2243 1351 2312 quod
1369 2260 1434 2296 ex
1453 2243 1594 2297 omni
1610 2249 1760 2313 parte
1779 2249 2130 2314 temperatum
2147 2244 2407 2298 humanae

440 2326 755 2382 condicionis
783 2325 1031 2379 exhibens
1057 2330 1441 2382 sacramentum
1467 2325 1754 2394 perfectam
1780 2325 2175 2379 similitudinem
2199 2331 2408 2383 nostrae

440 2407 754 2461 condicionis
791 2407 1140 2476 adsumpserit
1174 2424 1270 2459 nec
1305 2423 1513 2460 carnem
1549 2412 1761 2461 tantum
1796 2422 1891 2460 nec
1927 2407 2157 2461 animam
2194 2407 2408 2461 inratio-

438 2487 610 2541 nalem
631 2494 684 2541 et
705 2490 817 2542 sine
838 2505 1006 2553 senSU,
1031 2489 1121 2543 sed
1141 2494 1316 2543 totum
1339 2504 1522 2557 corpus
1544 2494 1816 2557 totamque
1839 2489 2067 2550 animam
2088 2488 2186 2542 sibi
2207 2489 2406 2543 socians
2439 2475 2518 2549 25«l

441 2570 732 2638 perfectum
751 2571 804 2622 in
823 2586 876 2623 se
893 2570 1157 2623 hominem
1174 2569 1562 2633 demonstrarit,
1584 2576 1645 2623 ut
1662 2570 1949 2639 perfectam
1971 2570 2171 2624 cunctis
2187 2569 2408 2624 homini·
2488 2570 2518 2643 gs

444 2651 539 2705 bus
563 2651 617 2704 in
641 2668 694 2707 se
720 2658 772 2704 et
796 2669 887 2721 per
911 2668 963 2704 se
987 2651 1259 2720 largiretur
1283 2650 1529 2715 salutem3
1554 2651 1855 2720 habensque
1878 2652 2046 2706 nostri
2071 2652 2404 2717 consortium,
2488 2650 2489 2654 ’

444 2732 533 2801 qui
551 2734 615 2786 de
635 2738 776 2786 terra
795 2733 992 2786 conditi
1011 2749 1203 2796 sumus,
1224 2749 1319 2786 nec
1339 2749 1546 2786 carnem
1565 2732 1784 2786 deduxit
1802 2733 1866 2786 de
1886 2733 2025 2786 caelo
2044 2750 2140 2786 nec
2159 2734 2403 2798 animam,
2507 2796 2508 2799 Ἴ

442 2830 575 2883 quae
599 2815 740 2883 prius
767 2814 1077 2870 substiterat
1102 2819 1155 2866 et
1181 2819 1303 2867 ante
1329 2830 1536 2867 carnem
1562 2815 1669 2868 eius
1695 2814 1910 2868 condita
1934 2820 2061 2880 erat,
2088 2831 2180 2869 suo
2208 2814 2407 2884 corpori

386 2910 406 2946 2
446 2894 728 2964 copulauit,
763 2896 898 2951 sicut
931 2895 1162 2965 Origenis
1194 2895 1436 2949 nituntur
1468 2896 1649 2949 docere
1681 2896 1934 2966 discipuli.
1989 2896 2032 2950 si
2065 2896 2201 2950 enim
2233 2897 2409 2950 anima
2439 2910 2517 2949 3⁰⁴1

441 2973 734 3041 saluatoris,
763 2982 1051 3046 antequam
1079 2977 1163 3030 ille
1190 2977 1482 3030 humanum
1512 2982 1694 3046 corpus
1725 2978 2037 3042 adsumeret,
2068 2978 2121 3031 in
2150 2978 2408 3032 caelorum

547 3127 572 3168 4
595 3124 661 3169 Ps.
687 3125 753 3179 15,
775 3126 828 3169 10
943 3126 996 3169 10
1017 3124 1085 3169 Ps.
1110 3125 1173 3179 15,
1199 3126 1252 3168 10
1366 3125 1418 3170 18
1442 3125 1563 3170 *Ioh.
1586 3126 1652 3179 10,
1678 3127 1725 3171 11
1845 3126 1899 3170 20
1920 3125 2109 3170 *Matth.
2132 3126 2198 3180 26,
2219 3127 2271 3170 41

547 3237 571 3278 2
592 3236 639 3280 in
657 3251 737 3281 om.
763 3251 787 3291 ς
923 3237 949 3280 3
967 3236 1016 3280 id
1036 3236 1196 3280 faceret
1219 3251 1244 3290 ς
1373 3236 1398 3279 6
1419 3249 1517 3281 caro
1541 3237 1636 3280 eius
1654 3236 1767 3280 desc.
1794 3236 1851 3280 ad
1870 3236 1950 3281 inf.
1971 3238 2011 3281 U
2095 3263 2097 3266 .
2154 3236 2247 3282 eius
2268 3251 2347 3282 om.
2371 3237 2411 3281 V

434 3311 456 3353 7
476 3323 584 3367 app.
606 3311 666 3354 sit
687 3310 853 3367 anima]
874 3310 1119 3367 appellatas
1140 3310 1175 3366 (s
1192 3323 1309 3362 eras„
1324 3310 1549 3362 sLmZ÷
1568 3332 1610 3346 =
1631 3312 1715 3367 est)
1736 3311 1803 3355 ita
1818 3300 1851 3354 H
1868 3313 1906 3355 T
1978 3309 2148 3367 anima]
2168 3310 2234 3355 ita
2249 3311 2288 3355 V
2362 3309 2408 3354 in

431 3383 581 3427 inferis
596 3385 635 3427 V
706 3386 758 3448 10
781 3385 1084 3442 derelinquens
1103 3385 1142 3428 U
1219 3385 1268 3428 11
1293 3383 1361 3441 ac]
1383 3388 1427 3428 et
1444 3385 1483 3428 V
1561 3386 1613 3429 13
1635 3385 1795 3429 relictis
1816 3385 2135 3430 haereticorum
2155 3378 2369 3430 erroribus
2385 3399 2410 3439 ς
2500 3431 2504 3434 ,

434 3459 487 3502 15
507 3471 562 3501 ne
586 3460 664 3503 TV
779 3461 832 3503 16
851 3459 1073 3503 saluatore
1088 3459 1126 3502 T
1249 3459 1300 3502 17
1323 3458 1442 3515 quod
1459 3459 1539 3502 TV
1653 3460 1708 3503 19
1727 3459 1886 3504 onibus
1909 3459 1999 3504 suis
2017 3459 2100 3504 UV
2225 3459 2278 3502 22
2298 3461 2409 3502 tem-

434 3538 669 3586 perantum
690 3534 737 3589 (n
759 3533 883 3588 eras.)
908 3534 946 3576 Τ
1022 3533 1073 3577 26
1097 3532 1418 3577 demonstrauit
1435 3533 1514 3576 TV
1594 3534 1645 3577 27
1667 3533 1712 3576 in
1733 3532 1795 3590 se]
1814 3534 1911 3578 add.
1933 3533 2110 3578 homine
2126 3533 2166 3577 V
2248 3533 2300 3577 28
2318 3532 2395 3591 qui

435 3618 484 3647 εκ
504 3620 614 3662 quae
634 3608 670 3650 T
778 3609 827 3652 31
853 3607 961 3651 caeli
977 3608 1016 3651 U

2480 4031 2505 4186 Nm<
2490 3967 2504 4015 nn
2502 3905 2504 3907 .
2501 3856 2504 3869 n
