<?xml version="1.0" encoding="UTF-8"?>
<!DOCTYPE html PUBLIC "-//W3C//DTD XHTML 1.0 Transitional//EN"
    "http://www.w3.org/TR/xhtml1/DTD/xhtml1-transitional.dtd">
<html xmlns="http://www.w3.org/1999/xhtml" xml:lang="en" lang="en">
 <head>
  <title>
</title>
<meta http-equiv="Content-Type" content="text/html;charset=utf-8" />
  <meta name='ocr-system' content='tesseract 3.04.00' />
  <meta name='ocr-capabilities' content='ocr_page ocr_carea ocr_par ocr_line ocrx_word'/>
</head>
<body>
  <div class='ocr_page' id='page_1' title='image "./corpusscriptorum55stuoft_0405.png"; bbox 0 0 2482 4230; ppageno 0'>
   <div class='ocr_carea' id='block_1_1' title="bbox 721 371 2100 442">
    <p class='ocr_par' dir='ltr' id='par_1_1' title="bbox 721 371 2100 442">
     <span class='ocr_line' id='line_1_1' title="bbox 721 371 2100 442; baseline -0.003 -15"><span class='ocrx_word' id='word_1_1' title='bbox 721 384 997 442; x_wconf 79' lang='lat' dir='ltr'><strong>Epistula</strong></span> <span class='ocrx_word' id='word_1_2' title='bbox 1038 383 1189 429; x_wconf 85' lang='lat' dir='ltr'>cXIII</span> <span class='ocrx_word' id='word_1_3' title='bbox 1230 385 1457 430; x_wconf 75' lang='lat' dir='ltr'>I-cxiv</span> <span class='ocrx_word' id='word_1_4' title='bbox 1495 387 1520 429; x_wconf 87' lang='lat'><strong>3</strong></span> <span class='ocrx_word' id='word_1_5' title='bbox 2004 371 2100 424; x_wconf 82' lang='lat'>395</span> 
     </span>
    </p>
   </div>
   <div class='ocr_carea' id='block_1_2' title="bbox 138 535 2155 2233">
    <p class='ocr_par' dir='ltr' id='par_1_2' title="bbox 142 535 2100 998">
     <span class='ocr_line' id='line_1_2' title="bbox 144 535 2100 593; baseline -0.001 0"><span class='ocrx_word' id='word_1_6' title='bbox 144 537 341 593; x_wconf 88' lang='lat' dir='ltr'>domini</span> <span class='ocrx_word' id='word_1_7' title='bbox 368 535 717 590; x_wconf 80' lang='lat' dir='ltr'>misericordia</span> <span class='ocrx_word' id='word_1_8' title='bbox 746 541 798 589; x_wconf 95' lang='lat' dir='ltr'>et</span> <span class='ocrx_word' id='word_1_9' title='bbox 826 535 930 590; x_wconf 89' lang='lat' dir='ltr'>tuis</span> <span class='ocrx_word' id='word_1_10' title='bbox 961 536 1281 590; x_wconf 89' lang='lat' dir='ltr'>orationibus</span> <span class='ocrx_word' id='word_1_11' title='bbox 1312 546 1602 591; x_wconf 89' lang='lat' dir='ltr'>reseruatus</span> <span class='ocrx_word' id='word_1_12' title='bbox 1634 557 1747 591; x_wconf 91' lang='lat' dir='ltr'>sum</span> <span class='ocrx_word' id='word_1_13' title='bbox 1777 540 1844 591; x_wconf 90' lang='lat' dir='ltr'>ad</span> <span class='ocrx_word' id='word_1_14' title='bbox 1873 541 1970 593; x_wconf 91' lang='lat' dir='ltr'>hoc</span> <span class='ocrx_word' id='word_1_15' title='bbox 2000 540 2100 592; x_wconf 84' lang='lat' dir='ltr'>for-</span> 
     </span>
     <span class='ocr_line' id='line_1_3' title="bbox 145 618 2100 691; baseline -0.001 -18"><span class='ocrx_word' id='word_1_16' title='bbox 145 619 300 682; x_wconf 80' lang='lat' dir='ltr'>sitan,</span> <span class='ocrx_word' id='word_1_17' title='bbox 318 624 379 672; x_wconf 87' lang='lat' dir='ltr'>ut</span> <span class='ocrx_word' id='word_1_18' title='bbox 397 618 646 688; x_wconf 89' lang='lat' dir='ltr'>inplerem</span> <span class='ocrx_word' id='word_1_19' title='bbox 665 625 1001 687; x_wconf 89' lang='lat' dir='ltr'>praeceptum</span> <span class='ocrx_word' id='word_1_20' title='bbox 1018 624 1172 671; x_wconf 91' lang='lat' dir='ltr'>tuum</span> <span class='ocrx_word' id='word_1_21' title='bbox 1191 626 1244 672; x_wconf 93' lang='lat' dir='ltr'>et</span> <span class='ocrx_word' id='word_1_22' title='bbox 1262 618 1506 672; x_wconf 90' lang='lat' dir='ltr'>uolumen</span> <span class='ocrx_word' id='word_1_23' title='bbox 1527 620 1938 691; x_wconf 81' lang='lat' dir='ltr'>disertissimum,</span> <span class='ocrx_word' id='word_1_24' title='bbox 1962 621 2100 690; x_wconf 91' lang='lat' dir='ltr'>quod</span> 
     </span>
     <span class='ocr_line' id='line_1_4' title="bbox 144 698 2100 770; baseline -0.001 -14"><span class='ocrx_word' id='word_1_25' title='bbox 144 699 517 770; x_wconf 88' lang='lat' dir='ltr'>scripturarum</span> <span class='ocrx_word' id='word_1_26' title='bbox 543 699 758 752; x_wconf 81' lang='lat' dir='ltr'>floribus</span> <span class='ocrx_word' id='word_1_27' title='bbox 786 698 1019 763; x_wconf 78' lang='lat' dir='ltr'>texuisti,</span> <span class='ocrx_word' id='word_1_28' title='bbox 1049 699 1247 763; x_wconf 86' lang='lat' dir='ltr'>eadem,</span> <span class='ocrx_word' id='word_1_29' title='bbox 1280 717 1382 768; x_wconf 93' lang='lat' dir='ltr'>qua</span> <span class='ocrx_word' id='word_1_30' title='bbox 1411 717 1442 752; x_wconf 92' lang='lat' dir='ltr'>a</span> <span class='ocrx_word' id='word_1_31' title='bbox 1463 706 1514 753; x_wconf 91' lang='lat' dir='ltr'>te</span> <span class='ocrx_word' id='word_1_32' title='bbox 1537 699 1787 769; x_wconf 90' lang='lat' dir='ltr'>scriptum</span> <span class='ocrx_word' id='word_1_33' title='bbox 1808 709 1902 764; x_wconf 82' lang='lat' dir='ltr'>est,</span> <span class='ocrx_word' id='word_1_34' title='bbox 1934 703 2100 769; x_wconf 83' lang='lat' dir='ltr'>gratia</span> 
     </span>
     <span class='ocr_line' id='line_1_5' title="bbox 142 779 2098 852; baseline 0.001 -17"><span class='ocrx_word' id='word_1_35' title='bbox 142 787 415 845; x_wconf 89' lang='lat' dir='ltr'>uerterem‚</span> <span class='ocrx_word' id='word_1_36' title='bbox 443 780 563 833; x_wconf 90' lang='lat' dir='ltr'>licet</span> <span class='ocrx_word' id='word_1_37' title='bbox 590 779 897 834; x_wconf 90' lang='lat' dir='ltr'>inbecillitas</span> <span class='ocrx_word' id='word_1_38' title='bbox 926 780 1151 850; x_wconf 91' lang='lat' dir='ltr'>corporis</span> <span class='ocrx_word' id='word_1_39' title='bbox 1180 786 1233 834; x_wconf 92' lang='lat' dir='ltr'>et</span> <span class='ocrx_word' id='word_1_40' title='bbox 1261 781 1421 833; x_wconf 91' lang='lat' dir='ltr'>animi</span> <span class='ocrx_word' id='word_1_41' title='bbox 1447 798 1649 834; x_wconf 91' lang='lat' dir='ltr'>maeror</span> <span class='ocrx_word' id='word_1_42' title='bbox 1675 782 1865 851; x_wconf 88' lang='lat' dir='ltr'>ingenii</span> <span class='ocrx_word' id='word_1_43' title='bbox 1896 800 2098 852; x_wconf 90' lang='lat' dir='ltr'>quoque</span> 
     </span>
     <span class='ocr_line' id='line_1_6' title="bbox 143 860 2097 933; baseline -0.001 -17"><span class='ocrx_word' id='word_1_44' title='bbox 143 877 362 916; x_wconf 79' lang='lat' dir='ltr'>acumen</span> <span class='ocrx_word' id='word_1_45' title='bbox 393 860 659 916; x_wconf 92' lang='lat' dir='ltr'>obtuderit</span> <span class='ocrx_word' id='word_1_46' title='bbox 691 867 743 914; x_wconf 92' lang='lat' dir='ltr'>et</span> <span class='ocrx_word' id='word_1_47' title='bbox 774 863 935 916; x_wconf 90' lang='lat' dir='ltr'>uerba</span> <span class='ocrx_word' id='word_1_48' title='bbox 967 878 1128 930; x_wconf 90' lang='lat' dir='ltr'>prono</span> <span class='ocrx_word' id='word_1_49' title='bbox 1163 879 1313 916; x_wconf 90' lang='lat' dir='ltr'>cursu</span> <span class='ocrx_word' id='word_1_50' title='bbox 1346 862 1576 916; x_wconf 91' lang='lat' dir='ltr'>labentia</span> <span class='ocrx_word' id='word_1_51' title='bbox 1608 863 1752 917; x_wconf 91' lang='lat' dir='ltr'>uelut</span> <span class='ocrx_word' id='word_1_52' title='bbox 1787 863 2097 933; x_wconf 88' lang='lat' dir='ltr'>quibusdam</span> 
     </span>
     <span class='ocr_line' id='line_1_7' title="bbox 143 938 704 998; baseline -0.007 0"><span class='ocrx_word' id='word_1_53' title='bbox 143 942 375 998; x_wconf 84' lang='lat' dir='ltr'>obicibus</span> <span class='ocrx_word' id='word_1_54' title='bbox 409 938 704 996; x_wconf 85' lang='lat' dir='ltr'>retardarit.</span> 
     </span>
    </p>

    <p class='ocr_par' dir='ltr' id='par_1_3' title="bbox 141 1022 2099 1583">
     <span class='ocr_line' id='line_1_8' title="bbox 271 1022 2095 1093; baseline -0.002 -14"><span class='ocrx_word' id='word_1_55' title='bbox 271 1028 318 1079; x_wconf 80' lang='lat'>2.</span> <span class='ocrx_word' id='word_1_56' title='bbox 353 1022 529 1077; x_wconf 90' lang='lat' dir='ltr'>Mirati</span> <span class='ocrx_word' id='word_1_57' title='bbox 561 1040 736 1077; x_wconf 91' lang='lat' dir='ltr'>sumus</span> <span class='ocrx_word' id='word_1_58' title='bbox 770 1024 823 1075; x_wconf 89' lang='lat' dir='ltr'>in</span> <span class='ocrx_word' id='word_1_59' title='bbox 857 1040 1006 1093; x_wconf 90' lang='lat' dir='ltr'>opere</span> <span class='ocrx_word' id='word_1_60' title='bbox 1040 1031 1132 1078; x_wconf 92' lang='lat' dir='ltr'>tuo</span> <span class='ocrx_word' id='word_1_61' title='bbox 1165 1023 1452 1077; x_wconf 76' lang='lat' dir='ltr'>utilitatem</span> <span class='ocrx_word' id='word_1_62' title='bbox 1485 1023 1717 1077; x_wconf 89' lang='lat' dir='ltr'>omnium</span> <span class='ocrx_word' id='word_1_63' title='bbox 1750 1025 2095 1090; x_wconf 86' lang='lat' dir='ltr'>ecclesiarum,</span> 
     </span>
     <span class='ocr_line' id='line_1_9' title="bbox 142 1104 2098 1175; baseline 0.001 -17"><span class='ocrx_word' id='word_1_64' title='bbox 142 1111 203 1159; x_wconf 92' lang='lat' dir='ltr'>ut</span> <span class='ocrx_word' id='word_1_65' title='bbox 226 1105 453 1169; x_wconf 86' lang='lat' dir='ltr'>discant‚·</span> <span class='ocrx_word' id='word_1_66' title='bbox 473 1104 562 1175; x_wconf 92' lang='lat' dir='ltr'>qui</span> <span class='ocrx_word' id='word_1_67' title='bbox 582 1105 840 1175; x_wconf 83' lang='lat' dir='ltr'>ignorant,</span> <span class='ocrx_word' id='word_1_68' title='bbox 864 1104 1054 1170; x_wconf 83' lang='lat' dir='ltr'>eruditi</span> <span class='ocrx_word' id='word_1_69' title='bbox 1074 1104 1385 1160; x_wconf 84' lang='lat' dir='ltr'>testimoniis</span> <span class='ocrx_word' id='word_1_70' title='bbox 1409 1104 1796 1175; x_wconf 82' lang='lat' dir='ltr'>scripturarum,</span> <span class='ocrx_word' id='word_1_71' title='bbox 1823 1124 1925 1175; x_wconf 90' lang='lat' dir='ltr'>qua</span> <span class='ocrx_word' id='word_1_72' title='bbox 1948 1107 2098 1160; x_wconf 93' lang='lat' dir='ltr'>debe-</span> 
     </span>
     <span class='ocr_line' id='line_1_10' title="bbox 142 1186 2098 1255; baseline -0.001 -14"><span class='ocrx_word' id='word_1_73' title='bbox 142 1193 235 1241; x_wconf 90' lang='lat' dir='ltr'>ant</span> <span class='ocrx_word' id='word_1_74' title='bbox 262 1186 595 1241; x_wconf 90' lang='lat' dir='ltr'>ueneratione</span> <span class='ocrx_word' id='word_1_75' title='bbox 624 1193 806 1240; x_wconf 89' lang='lat' dir='ltr'>sancta</span> <span class='ocrx_word' id='word_1_76' title='bbox 833 1186 1086 1255; x_wconf 89' lang='lat' dir='ltr'>suscipere</span> <span class='ocrx_word' id='word_1_77' title='bbox 1116 1194 1168 1240; x_wconf 91' lang='lat' dir='ltr'>et</span> <span class='ocrx_word' id='word_1_78' title='bbox 1197 1186 1374 1240; x_wconf 89' lang='lat' dir='ltr'>altaris</span> <span class='ocrx_word' id='word_1_79' title='bbox 1403 1186 1592 1240; x_wconf 88' lang='lat' dir='ltr'>Christi</span> <span class='ocrx_word' id='word_1_80' title='bbox 1619 1187 1902 1240; x_wconf 89' lang='lat' dir='ltr'>ministerio</span> <span class='ocrx_word' id='word_1_81' title='bbox 1933 1187 2098 1241; x_wconf 90' lang='lat' dir='ltr'>deser-</span> 
     </span>
     <span class='ocr_line' id='line_1_11' title="bbox 141 1266 2097 1338; baseline -0.001 -17"><span class='ocrx_word' id='word_1_82' title='bbox 141 1266 249 1321; x_wconf 90' lang='lat' dir='ltr'>uire</span> <span class='ocrx_word' id='word_1_83' title='bbox 275 1285 548 1338; x_wconf 90' lang='lat' dir='ltr'>sacrosque</span> <span class='ocrx_word' id='word_1_84' title='bbox 574 1268 754 1322; x_wconf 85' lang='lat' dir='ltr'>calices</span> <span class='ocrx_word' id='word_1_85' title='bbox 781 1272 833 1320; x_wconf 90' lang='lat' dir='ltr'>et</span> <span class='ocrx_word' id='word_1_86' title='bbox 860 1274 1041 1322; x_wconf 90' lang='lat' dir='ltr'>sancta</span> <span class='ocrx_word' id='word_1_87' title='bbox 1065 1268 1325 1322; x_wconf 89' lang='lat' dir='ltr'>uelamina</span> <span class='ocrx_word' id='word_1_88' title='bbox 1350 1275 1403 1322; x_wconf 93' lang='lat' dir='ltr'>et</span> <span class='ocrx_word' id='word_1_89' title='bbox 1429 1276 1616 1331; x_wconf 85' lang='lat' dir='ltr'>cetera,</span> <span class='ocrx_word' id='word_1_90' title='bbox 1646 1286 1776 1338; x_wconf 89' lang='lat' dir='ltr'>quae</span> <span class='ocrx_word' id='word_1_91' title='bbox 1805 1269 1872 1322; x_wconf 90' lang='lat' dir='ltr'>ad</span> <span class='ocrx_word' id='word_1_92' title='bbox 1899 1268 2097 1321; x_wconf 87' lang='lat' dir='ltr'>cultum</span> 
     </span>
     <span class='ocr_line' id='line_1_12' title="bbox 141 1349 2099 1419; baseline 0 -17"><span class='ocrx_word' id='word_1_93' title='bbox 141 1349 427 1403; x_wconf 84' lang='lat' dir='ltr'>dominicae</span> <span class='ocrx_word' id='word_1_94' title='bbox 465 1349 728 1419; x_wconf 89' lang='lat' dir='ltr'>pertinent</span> <span class='ocrx_word' id='word_1_95' title='bbox 764 1349 1034 1418; x_wconf 81' lang='lat' dir='ltr'>passionis,</span> <span class='ocrx_word' id='word_1_96' title='bbox 1053 1365 1158 1402; x_wconf 90' lang='lat' dir='ltr'>non</span> <span class='ocrx_word' id='word_1_97' title='bbox 1197 1349 1344 1419; x_wconf 91' lang='lat' dir='ltr'>quasi</span> <span class='ocrx_word' id='word_1_98' title='bbox 1379 1350 1554 1402; x_wconf 88' lang='lat' dir='ltr'>inania</span> <span class='ocrx_word' id='word_1_99' title='bbox 1592 1355 1644 1402; x_wconf 89' lang='lat' dir='ltr'>et</span> <span class='ocrx_word' id='word_1_100' title='bbox 1681 1366 1831 1403; x_wconf 89' lang='lat' dir='ltr'>sensu</span> <span class='ocrx_word' id='word_1_101' title='bbox 1870 1351 2099 1403; x_wconf 90' lang='lat' dir='ltr'>carentia</span> 
     </span>
     <span class='ocr_line' id='line_1_13' title="bbox 141 1426 2098 1502; baseline -0.001 -18"><span class='ocrx_word' id='word_1_102' title='bbox 141 1429 540 1486; x_wconf 87' lang='lat' dir='ltr'>sanctimoniam</span> <span class='ocrx_word' id='word_1_103' title='bbox 574 1447 679 1484; x_wconf 92' lang='lat' dir='ltr'>non</span> <span class='ocrx_word' id='word_1_104' title='bbox 714 1426 920 1492; x_wconf 83' lang='lat' dir='ltr'>habere,</span> <span class='ocrx_word' id='word_1_105' title='bbox 968 1431 1058 1483; x_wconf 90' lang='lat' dir='ltr'>sed</span> <span class='ocrx_word' id='word_1_106' title='bbox 1093 1447 1158 1483; x_wconf 84' lang='lat' dir='ltr'>ex</span> <span class='ocrx_word' id='word_1_107' title='bbox 1192 1431 1450 1484; x_wconf 89' lang='lat' dir='ltr'>consortio</span> <span class='ocrx_word' id='word_1_108' title='bbox 1487 1430 1711 1499; x_wconf 89' lang='lat' dir='ltr'>corporis</span> <span class='ocrx_word' id='word_1_109' title='bbox 1748 1437 1800 1484; x_wconf 93' lang='lat' dir='ltr'>et</span> <span class='ocrx_word' id='word_1_110' title='bbox 1837 1431 2098 1502; x_wconf 82' lang='lat' dir='ltr'>sanguinis</span> 
     </span>
     <span class='ocr_line' id='line_1_14' title="bbox 141 1503 2093 1583; baseline 0 -19"><span class='ocrx_word' id='word_1_111' title='bbox 141 1512 336 1566; x_wconf 90' lang='lat' dir='ltr'>domini</span> <span class='ocrx_word' id='word_1_112' title='bbox 373 1511 571 1579; x_wconf 86' lang='lat' dir='ltr'>eadem,</span> <span class='ocrx_word' id='word_1_113' title='bbox 613 1530 715 1581; x_wconf 93' lang='lat' dir='ltr'>qua</span> <span class='ocrx_word' id='word_1_114' title='bbox 753 1503 936 1581; x_wconf 56' lang='lat' dir='ltr'>&amp;rpus</span> <span class='ocrx_word' id='word_1_115' title='bbox 975 1512 1081 1566; x_wconf 88' lang='lat' dir='ltr'>eius</span> <span class='ocrx_word' id='word_1_116' title='bbox 1119 1518 1171 1565; x_wconf 88' lang='lat' dir='ltr'>et</span> <span class='ocrx_word' id='word_1_117' title='bbox 1210 1511 1434 1583; x_wconf 83' lang='lat' dir='ltr'>sanguiS‚</span> <span class='ocrx_word' id='word_1_118' title='bbox 1471 1512 1745 1566; x_wconf 89' lang='lat' dir='ltr'>maiestate</span> <span class='ocrx_word' id='word_1_119' title='bbox 1782 1513 2093 1567; x_wconf 89' lang='lat' dir='ltr'>ueneranda.</span> 
     </span>
    </p>

    <p class='ocr_par' dir='ltr' id='par_1_4' title="bbox 138 1592 2155 2233">
     <span class='ocr_line' id='line_1_15' title="bbox 270 1592 2096 1663; baseline -0.001 -15"><span class='ocrx_word' id='word_1_120' title='bbox 270 1596 318 1648; x_wconf 89' lang='grc'>3.</span> <span class='ocrx_word' id='word_1_121' title='bbox 368 1592 578 1662; x_wconf 88' lang='lat' dir='ltr'>Suscipe</span> <span class='ocrx_word' id='word_1_122' title='bbox 620 1593 779 1663; x_wconf 91' lang='lat' dir='ltr'>igitur</span> <span class='ocrx_word' id='word_1_123' title='bbox 822 1593 1011 1647; x_wconf 92' lang='lat' dir='ltr'>librum</span> <span class='ocrx_word' id='word_1_124' title='bbox 1053 1600 1223 1657; x_wconf 81' lang='lat' dir='ltr'>tuum,</span> <span class='ocrx_word' id='word_1_125' title='bbox 1268 1593 1426 1646; x_wconf 90' lang='lat' dir='ltr'>immo</span> <span class='ocrx_word' id='word_1_126' title='bbox 1470 1610 1645 1646; x_wconf 90' lang='lat' dir='ltr'>meum</span> <span class='ocrx_word' id='word_1_127' title='bbox 1689 1600 1758 1656; x_wconf 84' lang='lat' dir='ltr'>et,</span> <span class='ocrx_word' id='word_1_128' title='bbox 1821 1600 1880 1647; x_wconf 91' lang='lat' dir='ltr'>ut</span> <span class='ocrx_word' id='word_1_129' title='bbox 1924 1594 2096 1648; x_wconf 89' lang='lat' dir='ltr'>uerius</span> 
     </span>
     <span class='ocr_line' id='line_1_16' title="bbox 141 1672 2097 1743; baseline 0.001 -18"><span class='ocrx_word' id='word_1_130' title='bbox 141 1672 328 1739; x_wconf 87' lang='lat' dir='ltr'>dicam,</span> <span class='ocrx_word' id='word_1_131' title='bbox 357 1681 620 1737; x_wconf 83' lang='lat' dir='ltr'>nostrum3</span> <span class='ocrx_word' id='word_1_132' title='bbox 671 1691 891 1743; x_wconf 91' lang='lat' dir='ltr'>cumque</span> <span class='ocrx_word' id='word_1_133' title='bbox 921 1672 1048 1728; x_wconf 91' lang='lat' dir='ltr'>mihi</span> <span class='ocrx_word' id='word_1_134' title='bbox 1076 1673 1284 1738; x_wconf 74' lang='lat' dir='ltr'>faueris,</span> <span class='ocrx_word' id='word_1_135' title='bbox 1314 1682 1437 1729; x_wconf 92' lang='lat' dir='ltr'>tuus</span> <span class='ocrx_word' id='word_1_136' title='bbox 1467 1675 1642 1728; x_wconf 82' lang='lat' dir='ltr'>fautor</span> <span class='ocrx_word' id='word_1_137' title='bbox 1671 1673 1782 1726; x_wconf 75' lang='lat' dir='ltr'>eris</span> <span class='ocrx_word' id='word_1_138' title='bbox 1833 1675 1931 1729; x_wconf 92' lang='lat' dir='ltr'>tibi</span> <span class='ocrx_word' id='word_1_139' title='bbox 1960 1674 2097 1728; x_wconf 91' lang='lat' dir='ltr'>enim</span> 
     </span>
     <span class='ocr_line' id='line_1_17' title="bbox 139 1749 2095 1825; baseline -0.001 -17"><span class='ocrx_word' id='word_1_140' title='bbox 139 1754 539 1810; x_wconf 79' lang='lat' dir='ltr'>meum&#39;sudauit</span> <span class='ocrx_word' id='word_1_141' title='bbox 558 1755 823 1825; x_wconf 85' lang='lat' dir='ltr'>ingenium</span> <span class='ocrx_word' id='word_1_142' title='bbox 843 1764 895 1810; x_wconf 92' lang='lat' dir='ltr'>et</span> <span class='ocrx_word' id='word_1_143' title='bbox 914 1754 1214 1809; x_wconf 81' lang='lat' dir='ltr'>facundiam</span> <span class='ocrx_word' id='word_1_144' title='bbox 1232 1749 1482 1809; x_wconf 89' lang='lat' dir='ltr'>Graecam</span> <span class='ocrx_word' id='word_1_145' title='bbox 1495 1756 1711 1809; x_wconf 87' lang='lat' dir='ltr'>Latinae</span> <span class='ocrx_word' id='word_1_146' title='bbox 1731 1756 1934 1825; x_wconf 83' lang='lat' dir='ltr'>linguae</span> <span class='ocrx_word' id='word_1_147' title='bbox 1954 1755 2095 1809; x_wconf 91' lang='lat' dir='ltr'>uolui</span> 
     </span>
     <span class='ocr_line' id='line_1_18' title="bbox 138 1829 2155 1908; baseline -0.001 -18"><span class='ocrx_word' id='word_1_148' title='bbox 138 1843 450 1907; x_wconf 90' lang='lat' dir='ltr'>paupertate</span> <span class='ocrx_word' id='word_1_149' title='bbox 474 1853 706 1908; x_wconf 89' lang='lat' dir='ltr'>pensare.</span> <span class='ocrx_word' id='word_1_150' title='bbox 752 1854 920 1907; x_wconf 91' lang='lat' dir='ltr'>neque</span> <span class='ocrx_word' id='word_1_151' title='bbox 946 1853 1085 1900; x_wconf 80' lang='lat' dir='ltr'>uem,</span> <span class='ocrx_word' id='word_1_152' title='bbox 1113 1841 1174 1890; x_wconf 92' lang='lat' dir='ltr'>ut</span> <span class='ocrx_word' id='word_1_153' title='bbox 1200 1836 1380 1891; x_wconf 92' lang='lat' dir='ltr'>diserti</span> <span class='ocrx_word' id='word_1_154' title='bbox 1404 1837 1712 1907; x_wconf 86' lang='lat' dir='ltr'>interpretes</span> <span class='ocrx_word' id='word_1_155' title='bbox 1738 1836 1955 1901; x_wconf 77' lang='lat' dir='ltr'>faciunt,</span> <span class='ocrx_word' id='word_1_156' title='bbox 1983 1829 2095 1890; x_wconf 81' lang='lat' dir='ltr'>uer·</span> <span class='ocrx_word' id='word_1_157' title='bbox 2151 1867 2155 1870; x_wconf 90' lang='lat'><em>-</em></span> 
     </span>
     <span class='ocr_line' id='line_1_19' title="bbox 139 1916 2095 1988; baseline 0.001 -18"><span class='ocrx_word' id='word_1_158' title='bbox 139 1919 267 1971; x_wconf 91' lang='lat' dir='ltr'>bum</span> <span class='ocrx_word' id='word_1_159' title='bbox 285 1921 446 1974; x_wconf 92' lang='lat' dir='ltr'>uerbo</span> <span class='ocrx_word' id='word_1_160' title='bbox 466 1917 672 1973; x_wconf 92' lang='lat' dir='ltr'>reddidi</span> <span class='ocrx_word' id='word_1_161' title='bbox 690 1936 786 1973; x_wconf 88' lang='lat' dir='ltr'>nec</span> <span class='ocrx_word' id='word_1_162' title='bbox 806 1916 1147 1973; x_wconf 89' lang='lat' dir='ltr'>adnumeraui</span> <span class='ocrx_word' id='word_1_163' title='bbox 1167 1918 1458 1988; x_wconf 83' lang='lat' dir='ltr'>pecuniam,</span> <span class='ocrx_word' id='word_1_164' title='bbox 1485 1936 1642 1987; x_wconf 90' lang='lat' dir='ltr'>quam</span> <span class='ocrx_word' id='word_1_165' title='bbox 1663 1917 1790 1970; x_wconf 87' lang='lat' dir='ltr'>mihi</span> <span class='ocrx_word' id='word_1_166' title='bbox 1810 1935 1901 1988; x_wconf 87' lang='lat' dir='ltr'>per</span> <span class='ocrx_word' id='word_1_167' title='bbox 1921 1924 2095 1987; x_wconf 90' lang='lat' dir='ltr'>partes</span> 
     </span>
     <span class='ocr_line' id='line_1_20' title="bbox 140 1999 2094 2070; baseline 0 -18"><span class='ocrx_word' id='word_1_168' title='bbox 140 1999 371 2065; x_wconf 90' lang='lat' dir='ltr'>dederas,</span> <span class='ocrx_word' id='word_1_169' title='bbox 398 2001 488 2055; x_wconf 88' lang='lat' dir='ltr'>sed</span> <span class='ocrx_word' id='word_1_170' title='bbox 510 1999 705 2070; x_wconf 90' lang='lat' dir='ltr'>pariter</span> <span class='ocrx_word' id='word_1_171' title='bbox 729 2000 972 2070; x_wconf 86' lang='lat' dir='ltr'>appendi,</span> <span class='ocrx_word' id='word_1_172' title='bbox 996 2007 1056 2054; x_wconf 93' lang='lat' dir='ltr'>ut</span> <span class='ocrx_word' id='word_1_173' title='bbox 1080 1999 1209 2052; x_wconf 91' lang='lat' dir='ltr'>nihil</span> <span class='ocrx_word' id='word_1_174' title='bbox 1234 1999 1367 2053; x_wconf 87' lang='lat' dir='ltr'>desit</span> <span class='ocrx_word' id='word_1_175' title='bbox 1392 2017 1457 2052; x_wconf 84' lang='lat' dir='ltr'>ex</span> <span class='ocrx_word' id='word_1_176' title='bbox 1480 1999 1729 2063; x_wconf 80' lang='lat' dir='ltr'>sensibUS‚</span> <span class='ocrx_word' id='word_1_177' title='bbox 1756 2017 1874 2053; x_wconf 90' lang='lat' dir='ltr'>cum</span> <span class='ocrx_word' id='word_1_178' title='bbox 1898 1999 2094 2069; x_wconf 91' lang='lat' dir='ltr'>aliquid</span> 
     </span>
     <span class='ocr_line' id='line_1_21' title="bbox 140 2080 2116 2154; baseline 0.001 -21"><span class='ocrx_word' id='word_1_179' title='bbox 140 2080 274 2135; x_wconf 89' lang='lat' dir='ltr'>desit</span> <span class='ocrx_word' id='word_1_180' title='bbox 302 2098 367 2135; x_wconf 86' lang='lat' dir='ltr'>ex</span> <span class='ocrx_word' id='word_1_181' title='bbox 394 2081 581 2136; x_wconf 73' lang='lat' dir='ltr'>uerbis</span> <span class='ocrx_word' id='word_1_182' title='bbox 613 2080 891 2152; x_wconf 88' lang='lat' dir='ltr'>epistulam</span> <span class='ocrx_word' id='word_1_183' title='bbox 920 2087 1098 2136; x_wconf 91' lang='lat' dir='ltr'>autem</span> <span class='ocrx_word' id='word_1_184' title='bbox 1125 2088 1275 2136; x_wconf 89' lang='lat' dir='ltr'>tuam</span> <span class='ocrx_word' id='word_1_185' title='bbox 1302 2080 1492 2134; x_wconf 92' lang='lat' dir='ltr'>idcirco</span> <span class='ocrx_word' id='word_1_186' title='bbox 1521 2081 1574 2133; x_wconf 91' lang='lat' dir='ltr'>in</span> <span class='ocrx_word' id='word_1_187' title='bbox 1605 2081 1850 2135; x_wconf 89' lang='lat' dir='ltr'>Latinum</span> <span class='ocrx_word' id='word_1_188' title='bbox 1878 2081 2014 2133; x_wconf 92' lang='lat' dir='ltr'>uerti</span> <span class='ocrx_word' id='word_1_189' title='bbox 2042 2087 2116 2154; x_wconf 91' lang='lat' dir='ltr'>et</span> 
     </span>
     <span class='ocr_line' id='line_1_22' title="bbox 138 2161 2093 2233; baseline 0.001 -19"><span class='ocrx_word' id='word_1_190' title='bbox 138 2161 258 2216; x_wconf 91' lang='lat' dir='ltr'>huic</span> <span class='ocrx_word' id='word_1_191' title='bbox 276 2162 529 2217; x_wconf 89' lang='lat' dir='ltr'>uolumini</span> <span class='ocrx_word' id='word_1_192' title='bbox 548 2163 838 2233; x_wconf 81' lang='lat' dir='ltr'>praeposui,</span> <span class='ocrx_word' id='word_1_193' title='bbox 861 2169 921 2217; x_wconf 91' lang='lat' dir='ltr'>ut</span> <span class='ocrx_word' id='word_1_194' title='bbox 942 2179 1135 2227; x_wconf 84' lang='lat' dir='ltr'>omnes,</span> <span class='ocrx_word' id='word_1_195' title='bbox 1159 2162 1248 2233; x_wconf 89' lang='lat' dir='ltr'>qui</span> <span class='ocrx_word' id='word_1_196' title='bbox 1266 2162 1499 2232; x_wconf 88' lang='lat' dir='ltr'>legerint,</span> <span class='ocrx_word' id='word_1_197' title='bbox 1523 2162 1688 2215; x_wconf 90' lang='lat' dir='ltr'>sciant</span> <span class='ocrx_word' id='word_1_198' title='bbox 1708 2179 1789 2214; x_wconf 90' lang='lat' dir='ltr'>me</span> <span class='ocrx_word' id='word_1_199' title='bbox 1810 2179 1914 2215; x_wconf 90' lang='lat' dir='ltr'>non</span> <span class='ocrx_word' id='word_1_200' title='bbox 1933 2167 2093 2215; x_wconf 88' lang='lat' dir='ltr'>teme—</span> 
     </span>
    </p>
   </div>
   <div class='ocr_carea' id='block_1_3' title="bbox 26 2242 2091 2314">
    <p class='ocr_par' dir='ltr' id='par_1_5' title="bbox 26 2242 2091 2314">
     <span class='ocr_line' id='line_1_23' title="bbox 26 2242 2091 2314; baseline 0.001 -20"><span class='ocrx_word' id='word_1_201' title='bbox 26 2249 53 2279; x_wconf 62' lang='lat'><em>*</em></span> <span class='ocrx_word' id='word_1_202' title='bbox 137 2242 295 2298; x_wconf 89' lang='lat' dir='ltr'>ritate</span> <span class='ocrx_word' id='word_1_203' title='bbox 331 2252 384 2299; x_wconf 91' lang='lat' dir='ltr'>et</span> <span class='ocrx_word' id='word_1_204' title='bbox 418 2244 688 2309; x_wconf 90' lang='lat' dir='ltr'>iactantia,</span> <span class='ocrx_word' id='word_1_205' title='bbox 724 2246 813 2298; x_wconf 91' lang='lat' dir='ltr'>sed</span> <span class='ocrx_word' id='word_1_206' title='bbox 845 2243 1133 2314; x_wconf 87' lang='lat' dir='ltr'>praeceptis</span> <span class='ocrx_word' id='word_1_207' title='bbox 1154 2243 1496 2299; x_wconf 89' lang='lat' dir='ltr'>beatitudinis</span> <span class='ocrx_word' id='word_1_208' title='bbox 1517 2250 1639 2297; x_wconf 92' lang='lat' dir='ltr'>tuae</span> <span class='ocrx_word' id='word_1_209' title='bbox 1661 2243 1940 2312; x_wconf 87' lang='lat' dir='ltr'>suscepisse</span> <span class='ocrx_word' id='word_1_210' title='bbox 1965 2261 2091 2297; x_wconf 91' lang='lat' dir='ltr'>onus</span> 
     </span>
    </p>
   </div>
   <div class='ocr_carea' id='block_1_4' title="bbox 0 0 113 4230">
    <p class='ocr_par' dir='ltr' id='par_1_6' title="bbox 0 0 113 4230">
     <span class='ocr_line' id='line_1_24' title="bbox 0 0 113 4230; baseline 0 0"><span class='ocrx_word' id='word_1_211' title='bbox 0 0 113 4230; x_wconf 95' lang='lat' dir='ltr'> </span> 
     </span>
    </p>
   </div>
   <div class='ocr_carea' id='block_1_5' title="bbox 135 2324 2089 2478">
    <p class='ocr_par' dir='ltr' id='par_1_7' title="bbox 135 2324 2089 2478">
     <span class='ocr_line' id='line_1_25' title="bbox 135 2324 2088 2396; baseline 0 -18"><span class='ocrx_word' id='word_1_212' title='bbox 135 2324 275 2380; x_wconf 91' lang='lat' dir='ltr'>ultra</span> <span class='ocrx_word' id='word_1_213' title='bbox 303 2324 437 2380; x_wconf 89' lang='lat' dir='ltr'>uires</span> <span class='ocrx_word' id='word_1_214' title='bbox 468 2343 624 2380; x_wconf 83' lang='lat' dir='ltr'>meas,</span> <span class='ocrx_word' id='word_1_215' title='bbox 679 2327 819 2396; x_wconf 93' lang='lat' dir='ltr'>quod</span> <span class='ocrx_word' id='word_1_216' title='bbox 848 2344 915 2380; x_wconf 91' lang='lat' dir='ltr'>an</span> <span class='ocrx_word' id='word_1_217' title='bbox 947 2332 1251 2380; x_wconf 90' lang='lat' dir='ltr'>consecutus</span> <span class='ocrx_word' id='word_1_218' title='bbox 1284 2325 1397 2389; x_wconf 83' lang='lat' dir='ltr'>sim,</span> <span class='ocrx_word' id='word_1_219' title='bbox 1429 2332 1522 2379; x_wconf 91' lang='lat' dir='ltr'>tuo</span> <span class='ocrx_word' id='word_1_220' title='bbox 1553 2326 1743 2378; x_wconf 88' lang='lat' dir='ltr'>iudicio</span> <span class='ocrx_word' id='word_1_221' title='bbox 1776 2324 2088 2394; x_wconf 79' lang='lat' dir='ltr'>derelinquo,</span> 
     </span>
     <span class='ocr_line' id='line_1_26' title="bbox 136 2406 2089 2478; baseline -0.002 -17"><span class='ocrx_word' id='word_1_222' title='bbox 136 2414 292 2472; x_wconf 88' lang='lat' dir='ltr'>certe,</span> <span class='ocrx_word' id='word_1_223' title='bbox 314 2407 357 2461; x_wconf 91' lang='lat' dir='ltr'>si</span> <span class='ocrx_word' id='word_1_224' title='bbox 375 2407 768 2462; x_wconf 90' lang='lat' dir='ltr'>inbecillitatem</span> <span class='ocrx_word' id='word_1_225' title='bbox 787 2407 1188 2478; x_wconf 87' lang='lat' dir='ltr'>reprehenderis,</span> <span class='ocrx_word' id='word_1_226' title='bbox 1208 2407 1473 2461; x_wconf 89' lang='lat' dir='ltr'>uoluntati</span> <span class='ocrx_word' id='word_1_227' title='bbox 1493 2407 1701 2460; x_wconf 91' lang='lat' dir='ltr'>ueniam</span> <span class='ocrx_word' id='word_1_228' title='bbox 1721 2406 2089 2460; x_wconf 79' lang='lat' dir='ltr'>commodabis,</span> 
     </span>
    </p>
   </div>
   <div class='ocr_carea' id='block_1_6' title="bbox 135 2581 2090 3010">
    <p class='ocr_par' dir='ltr' id='par_1_8' title="bbox 135 2581 2090 3010">
     <span class='ocr_line' id='line_1_27' title="bbox 287 2581 2088 2641; baseline -0.001 -16"><span class='ocrx_word' id='word_1_229' title='bbox 287 2583 309 2625; x_wconf 89' lang='lat'>1</span> <span class='ocrx_word' id='word_1_230' title='bbox 326 2581 457 2639; x_wconf 67' lang='lat' dir='ltr'>orat]</span> <span class='ocrx_word' id='word_1_231' title='bbox 472 2582 673 2641; x_wconf 89' lang='lat' dir='ltr'>precibus</span> <span class='ocrx_word' id='word_1_232' title='bbox 689 2581 734 2640; x_wconf 77' lang='grc' dir='ltr'>ς]</span> <span class='ocrx_word' id='word_1_233' title='bbox 784 2585 808 2627; x_wconf 88' lang='grc'>2</span> <span class='ocrx_word' id='word_1_234' title='bbox 823 2583 992 2627; x_wconf 89' lang='lat' dir='ltr'>dissert.</span> <span class='ocrx_word' id='word_1_235' title='bbox 1013 2585 1092 2640; x_wconf 76' lang='lat' dir='ltr'>(pr.</span> <span class='ocrx_word' id='word_1_236' title='bbox 1110 2597 1130 2628; x_wconf 93' lang='lat' dir='ltr'>s</span> <span class='ocrx_word' id='word_1_237' title='bbox 1142 2596 1246 2627; x_wconf 74' lang='lat' dir='ltr'>eras.</span> <span class='ocrx_word' id='word_1_238' title='bbox 1265 2583 1323 2640; x_wconf 88' lang='lat' dir='ltr'>T)</span> <span class='ocrx_word' id='word_1_239' title='bbox 1337 2582 1417 2625; x_wconf 90' lang='lat' dir='ltr'>TV</span> <span class='ocrx_word' id='word_1_240' title='bbox 1488 2584 1513 2625; x_wconf 86' lang='lat'><strong>4</strong></span> <span class='ocrx_word' id='word_1_241' title='bbox 1527 2582 1671 2626; x_wconf 88' lang='lat' dir='ltr'>anime</span> <span class='ocrx_word' id='word_1_242' title='bbox 1684 2582 1722 2625; x_wconf 93' lang='lat' dir='ltr'><em>V</em></span> <span class='ocrx_word' id='word_1_243' title='bbox 1784 2595 1954 2626; x_wconf 85' lang='lat' dir='ltr'>maeror</span> <span class='ocrx_word' id='word_1_244' title='bbox 1966 2582 2088 2626; x_wconf 83' lang='lat' dir='ltr'>om.V</span> 
     </span>
     <span class='ocr_line' id='line_1_28' title="bbox 135 2655 2087 2715; baseline -0.003 -13"><span class='ocrx_word' id='word_1_245' title='bbox 135 2657 164 2702; x_wconf 85' lang='lat'>5</span> <span class='ocrx_word' id='word_1_246' title='bbox 183 2657 410 2714; x_wconf 79' lang='lat' dir='ltr'>optfiderit</span> <span class='ocrx_word' id='word_1_247' title='bbox 430 2657 468 2700; x_wconf 88' lang='lat' dir='ltr'><em>T</em></span> <span class='ocrx_word' id='word_1_248' title='bbox 489 2656 617 2702; x_wconf 88' lang='lat' dir='ltr'>obtui</span> <span class='ocrx_word' id='word_1_249' title='bbox 635 2658 768 2715; x_wconf 72' lang='lat' dir='ltr'>(exp.)</span> <span class='ocrx_word' id='word_1_250' title='bbox 789 2657 902 2702; x_wconf 90' lang='lat' dir='ltr'>derit</span> <span class='ocrx_word' id='word_1_251' title='bbox 921 2656 961 2700; x_wconf 94' lang='lat' dir='ltr'><em>V</em></span> <span class='ocrx_word' id='word_1_252' title='bbox 1038 2661 1061 2704; x_wconf 84' lang='lat'><strong>7</strong></span> <span class='ocrx_word' id='word_1_253' title='bbox 1083 2656 1235 2702; x_wconf 87' lang='lat' dir='ltr'>mirati</span> <span class='ocrx_word' id='word_1_254' title='bbox 1254 2659 1303 2714; x_wconf 86' lang='lat' dir='ltr'>(s.</span> <span class='ocrx_word' id='word_1_255' title='bbox 1327 2655 1352 2698; x_wconf 83' lang='lat' dir='ltr'>l.</span> <span class='ocrx_word' id='word_1_256' title='bbox 1373 2659 1390 2701; x_wconf 75' lang='grc'>1</span> <span class='ocrx_word' id='word_1_257' title='bbox 1410 2656 1598 2713; x_wconf 84' lang='lat' dir='ltr'>imitati)</span> <span class='ocrx_word' id='word_1_258' title='bbox 1617 2655 1656 2699; x_wconf 94' lang='lat' dir='ltr'><em>V</em></span> <span class='ocrx_word' id='word_1_259' title='bbox 1721 2657 1746 2700; x_wconf 87' lang='lat'>8</span> <span class='ocrx_word' id='word_1_260' title='bbox 1767 2655 1930 2700; x_wconf 82' lang='lat' dir='ltr'>eruditi</span> <span class='ocrx_word' id='word_1_261' title='bbox 1949 2670 2026 2701; x_wconf 83' lang='lat' dir='ltr'>om.</span> <span class='ocrx_word' id='word_1_262' title='bbox 2050 2655 2087 2697; x_wconf 89' lang='lat' dir='ltr'><em>V</em></span> 
     </span>
     <span class='ocr_line' id='line_1_29' title="bbox 138 2728 2088 2788; baseline -0.002 -13"><span class='ocrx_word' id='word_1_263' title='bbox 138 2732 190 2775; x_wconf 89' lang='lat'>10</span> <span class='ocrx_word' id='word_1_264' title='bbox 209 2731 281 2776; x_wconf 81' lang='lat' dir='ltr'>alt.</span> <span class='ocrx_word' id='word_1_265' title='bbox 305 2735 350 2775; x_wconf 90' lang='lat' dir='ltr'>et</span> <span class='ocrx_word' id='word_1_266' title='bbox 369 2745 446 2777; x_wconf 85' lang='lat' dir='ltr'>om.</span> <span class='ocrx_word' id='word_1_267' title='bbox 469 2730 510 2774; x_wconf 92' lang='lat' dir='ltr'><em>V</em></span> <span class='ocrx_word' id='word_1_268' title='bbox 575 2745 660 2788; x_wconf 90' lang='lat' dir='ltr'>que</span> <span class='ocrx_word' id='word_1_269' title='bbox 682 2730 720 2773; x_wconf 93' lang='lat' dir='ltr'><em>V</em></span> <span class='ocrx_word' id='word_1_270' title='bbox 784 2732 833 2775; x_wconf 95' lang='grc'>11</span> <span class='ocrx_word' id='word_1_271' title='bbox 858 2730 1082 2788; x_wconf 88' lang='lat' dir='ltr'>pertinent</span> <span class='ocrx_word' id='word_1_272' title='bbox 1101 2745 1179 2777; x_wconf 81' lang='lat' dir='ltr'>om.</span> <span class='ocrx_word' id='word_1_273' title='bbox 1202 2731 1242 2774; x_wconf 90' lang='lat' dir='ltr'><em>V</em></span> <span class='ocrx_word' id='word_1_274' title='bbox 1309 2731 1361 2774; x_wconf 85' lang='lat'>15</span> <span class='ocrx_word' id='word_1_275' title='bbox 1384 2728 1545 2784; x_wconf 87' lang='lat' dir='ltr'>dicam]</span> <span class='ocrx_word' id='word_1_276' title='bbox 1567 2731 1762 2786; x_wconf 72' lang='lat' dir='ltr'>loquarg</span> <span class='ocrx_word' id='word_1_277' title='bbox 1835 2730 1888 2773; x_wconf 88' lang='grc'><strong>16</strong></span> <span class='ocrx_word' id='word_1_278' title='bbox 1909 2729 2029 2773; x_wconf 85' lang='lat' dir='ltr'>nolui</span> <span class='ocrx_word' id='word_1_279' title='bbox 2050 2729 2088 2771; x_wconf 90' lang='lat' dir='ltr'><em>V</em></span> 
     </span>
     <span class='ocr_line' id='line_1_30' title="bbox 137 2793 2087 2863; baseline -0.001 -15"><span class='ocrx_word' id='word_1_280' title='bbox 137 2806 191 2848; x_wconf 84' lang='lat'>17</span> <span class='ocrx_word' id='word_1_281' title='bbox 213 2804 386 2850; x_wconf 89' lang='lat' dir='ltr'>disserti</span> <span class='ocrx_word' id='word_1_282' title='bbox 404 2806 483 2863; x_wconf 78' lang='lat' dir='ltr'>(pr.</span> <span class='ocrx_word' id='word_1_283' title='bbox 507 2819 526 2848; x_wconf 92' lang='lat' dir='ltr'>s</span> <span class='ocrx_word' id='word_1_284' title='bbox 547 2818 649 2849; x_wconf 75' lang='lat' dir='ltr'>eras.</span> <span class='ocrx_word' id='word_1_285' title='bbox 667 2805 726 2862; x_wconf 89' lang='lat' dir='ltr'>T)</span> <span class='ocrx_word' id='word_1_286' title='bbox 740 2804 821 2847; x_wconf 90' lang='lat' dir='ltr'>TV</span> <span class='ocrx_word' id='word_1_287' title='bbox 917 2806 971 2849; x_wconf 84' lang='lat'>19</span> <span class='ocrx_word' id='word_1_288' title='bbox 990 2804 1154 2862; x_wconf 80' lang='lat' dir='ltr'>pariter</span> <span class='ocrx_word' id='word_1_289' title='bbox 1171 2804 1404 2848; x_wconf 82' lang='lat' dir='ltr'>iheronimi</span> <span class='ocrx_word' id='word_1_290' title='bbox 1421 2793 1525 2861; x_wconf 65' lang='lat' dir='ltr'>p—lffi</span> <span class='ocrx_word' id='word_1_291' title='bbox 1538 2793 1642 2861; x_wconf 78' lang='lat' dir='ltr'>ep—la</span> <span class='ocrx_word' id='word_1_292' title='bbox 1660 2805 1716 2848; x_wconf 91' lang='lat' dir='ltr'>ad</span> <span class='ocrx_word' id='word_1_293' title='bbox 1737 2803 1968 2861; x_wconf 75' lang='lat' dir='ltr'>theophilu</span> <span class='ocrx_word' id='word_1_294' title='bbox 1985 2817 2087 2860; x_wconf 92' lang='lat' dir='ltr'>epm</span> 
     </span>
     <span class='ocr_line' id='line_1_31' title="bbox 137 2877 2090 2937; baseline -0.002 -14"><span class='ocrx_word' id='word_1_295' title='bbox 137 2878 330 2937; x_wconf 85' lang='lat' dir='ltr'>appendi</span> <span class='ocrx_word' id='word_1_296' title='bbox 347 2878 387 2922; x_wconf 92' lang='lat' dir='ltr'><em>V</em></span> <span class='ocrx_word' id='word_1_297' title='bbox 445 2881 498 2924; x_wconf 85' lang='lat'>20</span> <span class='ocrx_word' id='word_1_298' title='bbox 519 2878 751 2936; x_wconf 86' lang='lat' dir='ltr'>epistolam</span> <span class='ocrx_word' id='word_1_299' title='bbox 773 2878 1011 2936; x_wconf 78' lang='lat' dir='ltr'>Tp.e.m2V</span> <span class='ocrx_word' id='word_1_300' title='bbox 1066 2877 1222 2924; x_wconf 90' lang='lat' dir='ltr'>iccirco</span> <span class='ocrx_word' id='word_1_301' title='bbox 1243 2877 1281 2921; x_wconf 93' lang='lat' dir='ltr'><em>V</em></span> <span class='ocrx_word' id='word_1_302' title='bbox 1354 2879 1405 2924; x_wconf 80' lang='lat'>24</span> <span class='ocrx_word' id='word_1_303' title='bbox 1426 2877 1560 2933; x_wconf 86' lang='lat' dir='ltr'>certe]</span> <span class='ocrx_word' id='word_1_304' title='bbox 1582 2884 1778 2922; x_wconf 86' lang='lat' dir='ltr'>ceterum</span> <span class='ocrx_word' id='word_1_305' title='bbox 1800 2877 1839 2919; x_wconf 96' lang='lat' dir='ltr'><em>V</em></span> <span class='ocrx_word' id='word_1_306' title='bbox 1898 2890 2090 2921; x_wconf 88' lang='lat' dir='ltr'>commo-</span> 
     </span>
     <span class='ocr_line' id='line_1_32' title="bbox 135 2950 1413 3010; baseline -0.001 -14"><span class='ocrx_word' id='word_1_307' title='bbox 135 2950 281 3008; x_wconf 89' lang='lat' dir='ltr'>dabis]</span> <span class='ocrx_word' id='word_1_308' title='bbox 299 2953 393 2997; x_wconf 84' lang='lat' dir='ltr'>add.</span> <span class='ocrx_word' id='word_1_309' title='bbox 417 2952 597 3010; x_wconf 87' lang='lat' dir='ltr'>explicit</span> <span class='ocrx_word' id='word_1_310' title='bbox 615 2952 803 2998; x_wconf 81' lang='lat' dir='ltr'>feliciter</span> <span class='ocrx_word' id='word_1_311' title='bbox 824 2952 862 2995; x_wconf 90' lang='lat' dir='ltr'><strong><em>T</em></strong></span> <span class='ocrx_word' id='word_1_312' title='bbox 884 2952 1062 3007; x_wconf 77' lang='lat' dir='ltr'>explicit</span> <span class='ocrx_word' id='word_1_313' title='bbox 1079 2951 1201 2996; x_wconf 90' lang='lat' dir='ltr'>liber.</span> <span class='ocrx_word' id='word_1_314' title='bbox 1224 2966 1352 2998; x_wconf 86' lang='lat' dir='ltr'>amen</span> <span class='ocrx_word' id='word_1_315' title='bbox 1374 2952 1413 2994; x_wconf 92' lang='lat' dir='ltr'><em>V</em></span> 
     </span>
    </p>
   </div>
   <div class='ocr_carea' id='block_1_7' title="bbox 1987 2792 2090 2797">
    <p class='ocr_par' dir='ltr' id='par_1_9' title="bbox 1987 2792 2090 2797">
     <span class='ocr_line' id='line_1_33' title="bbox 1987 2792 2090 2797; baseline 0 0"><span class='ocrx_word' id='word_1_316' title='bbox 1987 2792 2090 2797; x_wconf 95' lang='lat' dir='ltr'> </span> 
     </span>
    </p>
   </div>
  </div>
 </body>
</html>
