2528 4186
421 349 519 402 226
1106 360 1311 406 Sancti
1349 361 1691 419 Hieronymi

416 522 477 570 ut
495 517 550 570 in
570 516 820 570 ultionem
837 523 1170 586 peccatorum
1189 535 1404 588 corpora
1421 518 1696 587 accipiant,
1721 518 1980 588 quomodo
1999 518 2379 574 benedicuntur

414 597 469 651 in
521 598 836 668 corporibus,
897 600 965 652 ad
1012 615 1143 668 quae
1196 599 1261 653 ob
1315 605 1530 669 peccata
1575 599 1869 652 uenerunt?
1919 617 1945 652 e
1991 600 2194 654 duobus
2238 600 2376 655 enim

414 680 639 733 alterum
679 680 800 733 erit:
855 686 950 734 aut
995 687 1118 734 ante
1157 681 1362 734 ruinam
1418 681 1572 734 fuisse
1630 698 1715 733 eas
1769 680 1823 734 in
1869 680 2226 735 benedictione
2283 687 2378 736 aut

415 767 536 831 post
593 761 797 815 ruinam
850 761 1052 815 uinctas
1103 763 1400 831 corporibus
1462 778 1797 831 nequaquam
1842 778 1990 830 posse
2041 762 2287 816 benedici.
2335 763 2380 818 si

415 843 553 896 enim
597 843 739 896 illam
784 843 952 897 uitam
999 844 1289 897 benedictio
1321 843 1568 914 sequitur,
1602 843 1760 896 istam
1790 843 2001 907 deserit3
2052 843 2095 897 si
2122 846 2191 898 ad
2220 845 2378 898 istam
2410 859 2432 897 5

414 925 740 989 transfertur,
769 925 824 978 in
848 925 936 978 illa
961 941 1067 978 non
1092 925 1246 979 fuisse
1275 925 1614 978 conuincitur.
1646 925 1831 995 quodsi
1855 931 1926 988 et,
1953 931 2238 996 antequam
2263 943 2378 981 rue-

413 1013 530 1061 rent
563 1008 888 1077 necdumque
920 1007 1161 1060 humam's
1196 1007 1494 1076 corporibus
1528 1007 1858 1073 uestirentur‚
1893 1007 2105 1061 fuerunt
2137 1007 2192 1061 in
2225 1008 2378 1063 bene-

397 1089 639 1143 dictione
682 1095 734 1142 et
773 1094 981 1142 ruentes
1022 1088 1377 1158 habentesque
1420 1105 1635 1157 corpora
1675 1106 1850 1144 rursus
1896 1089 2195 1143 benedictae
2235 1088 2375 1155 sunt,

414 1170 593 1224 similis
613 1171 710 1223 erit
739 1171 888 1225 iuxta
906 1170 1279 1225 benedictionis
1299 1169 1653 1225 condicionem
1671 1176 1723 1223 et
1740 1172 1881 1240 prior
1896 1172 2008 1225 uita
2026 1176 2079 1224 et
2095 1171 2372 1240 posterior3
2517 1238 2519 1243 Ι

415 1254 555 1323 quod
593 1269 926 1323 nequaquam
965 1268 1280 1321 consequens
1319 1257 1413 1315 est,
1457 1253 1578 1321 quia
1615 1254 1924 1321 peccatrices
1964 1251 2231 1322 supplicia,
2272 1269 2378 1307 non
2411 1267 2507 1314 1024

371 1339 687 1405 §peccantes
737 1334 1150 1388 benedictionem
1198 1339 1477 1387 merentur.
1566 1334 1820 1404 quidquid
1867 1352 1894 1388 e
1942 1334 2146 1390 duobus
2195 1351 2377 1389 uerum
2515 1326 2518 1343 ⁶

413 1433 520 1469 esse
538 1416 913 1484 responderint,
941 1416 1070 1469 uitio
1093 1416 1437 1470 subiacebunt
1464 1416 1697 1469 nolentes
1716 1416 2089 1470 ecclesiasticae
2107 1417 2374 1470 doctrinae

412 1498 643 1567 regulam
671 1498 944 1551 custodire.
993 1497 1100 1550 siue
1129 1498 1267 1550 enim
1294 1502 1508 1567 propter
1533 1503 1748 1567 peccata
1776 1499 1839 1551 de
1868 1499 2007 1552 caelo
2035 1498 2239 1552 animae
2267 1514 2378 1552 cor-

411 1584 619 1632 ruentes
655 1579 820 1632 instar
837 1578 1050 1633 carceris
1087 1584 1139 1632 et
1175 1585 1477 1633 catenarum
1513 1579 1811 1649 corporibus
1846 1579 2090 1650 inligatae
2125 1585 2264 1645 sunt,
2300 1597 2377 1635 re·-

411 1661 729 1752 spondeant,
766 1662 1026 1730 quomodo
1060 1661 1231 1714 Adam
1263 1667 1316 1714 et
1349 1660 1480 1725 Eua,
1514 1662 1772 1715 masculus
1806 1667 1858 1715 et
1890 1661 2099 1725 femina,
2134 1661 2370 1715 uiuentes
2406 1673 2486 1713 15
2481 1687 2509 1727 4

411 1742 466 1795 in
490 1742 787 1834 corporibus
810 1743 1071 1796 benedicti
1094 1748 1216 1796 sunt
1237 1774 1302 1781 —
1317 1759 1484 1812 neque
1504 1743 1642 1796 0111111
1666 1743 1815 1797 iuxta
1839 1743 2179 1797 deliramenta
2197 1759 2376 1797 eorum
2507 1745 2509 1747 ’

411 1823 581 1878 nudae
613 1824 817 1878 animae
849 1825 931 1878 uir
961 1830 1014 1878 et
1045 1824 1230 1878 mulier
1258 1825 1605 1895 appellantur,
1640 1826 1728 1878 sed
1762 1842 1992 1894 corpora,
2028 1841 2160 1894 quae
2193 1841 2375 1879 sexum

412 1911 693 1975 utrumque
708 1906 1001 1976 distingunt
1020 1938 1091 1944 ——
1103 1906 1246 1969 3siue
1263 1912 1386 1960 ante
1411 1923 1626 1976 corpora
1646 1906 1701 1959 in
1714 1906 2020 1960 caelestibus
2033 1906 2377 1960 morabantur

411 1993 465 2041 et
488 1987 644 2041 beata
667 1987 738 2041 eis
763 1993 889 2041 tunc
913 1994 1025 2042 erat
1048 1989 1307 2079 dignaque
1331 1988 1689 2042 benedictione
1712 1989 1909 2058 absque
1934 1987 2231 2057 corporibus
2256 2004 2376 2042 con-

411 2070 653 2134 uersatiO,
697 2086 800 2139 qua
827 2070 1028 2124 ratione
1055 2076 1166 2134 aut,
1197 2070 1502 2139 priusquam
1529 2075 1753 2134 ruerent,
1782 2070 2086 2123 benedictae
2116 2075 2239 2123 sunt
2266 2075 2377 2134 aut,
2413 2083 2489 2121 20
2482 2093 2511 2131 4

411 2156 694 2221 postquam
724 2157 1028 2205 corruerunt
1057 2157 1110 2205 et
1139 2151 1195 2204 in
1221 2168 1445 2221 poenam
1473 2152 1651 2206 ruinae
1683 2152 1864 2205 crassis
1894 2151 2193 2220 corporibus
2224 2168 2381 2220 copu-

412 2233 550 2286 latae
595 2238 733 2298 sunt,
779 2250 953 2287 rursus
986 2234 1348 2303 benedictione·
1388 2233 1689 2287 donantur?
1741 2250 1908 2303 neque
1951 2233 2090 2286 enim
2123 2232 2176 2286 id
2207 2233 2381 2302 ipsum

411 2320 491 2371 est
506 2315 798 2369 benedictio
812 2321 972 2384 atque
987 2315 1314 2384 supplicium,
1338 2332 1471 2385 quae
1485 2322 1538 2369 et
1565 2315 1860 2370 nominibus
1874 2320 1927 2368 et
1941 2314 2180 2384 operibus
2199 2314 2381 2384 procul
2424 2340 2428 2348 ·

411 2396 628 2461 distant,
662 2413 756 2450 nec
792 2403 1012 2466 possunt
1042 2397 1147 2450 ullo
1178 2398 1333 2451 modo
1365 2397 1501 2450 inter
1530 2414 1582 2451 se
1614 2396 1811 2460 sociari,
1847 2413 1974 2466 quas
2006 2401 2160 2450 tanta
2189 2395 2380 2450 diuidit

410 2479 770 2547 repugnantia.
835 2480 1095 2547 quomodo
1136 2484 1316 2532 autem
1356 2484 1409 2532 et
1450 2478 1598 2532 iustis
1639 2478 1924 2531 multitudo
1965 2478 2245 2532 liberorum
2283 2494 2377 2547 pro
2411 2487 2513 2554 254
2523 2478 2525 2483 ’

412 2558 770 2613 benedictione
830 2560 1158 2628 promittitur
1214 2561 1472 2651 propheta
1531 2559 1759 2613 dicente:
1821 2576 1858 2628 q
1875 2578 1909 2613 u
1930 2559 1947 2611 i
2023 2577 2077 2612 m
2097 2559 2115 2612 i
2133 2575 2171 2612 n
2189 2559 2207 2611 i
2225 2576 2280 2611 m
2299 2577 2335 2613 u
2354 2576 2377 2612 s

412 2646 544 2705 est,
585 2641 737 2694 erit
774 2641 847 2694 in
883 2642 1099 2695 milia
1136 2647 1223 2706 et,
1277 2641 1404 2710 qui
1440 2641 1931 2704 nouissimuS‚
1971 2641 2045 2694 in
2078 2646 2379 2711 gentem

409 2722 788 2792 magnam?

546 2820 624 2872 13.
653 2819 806 2888 ErgO,
837 2818 926 2888 qui
950 2819 1135 2872 uolunt
1161 2818 1358 2872 domini
1384 2819 1518 2872 festa
1544 2819 1815 2882 celebrare,
1844 2818 2076 2888 Origenis
2104 2818 2378 2872 simulacra
2521 2888 2523 2890 .

413 2905 754 2954 contemnant
778 2905 831 2953 et
854 2901 1235 2970 turpitudinem
1258 2902 1565 2970 dogmatum
1588 2900 1721 2953 illius
1745 2901 1944 2954 ratione
1959 2905 2217 2969 superent.
2244 2900 2378 2953 sicut
2411 2914 2463 2951 3⁰
2482 2928 2514 2957 “n

415 2981 553 3035 enim
591 2982 917 3035 ethnicorum
954 2982 1226 3051 inpiissimi
1263 2999 1484 3036 errorem
1522 2977 1575 3036 et
1613 2982 2041 3036 consuetudinem
2078 2981 2376 3051 praeferunt
2505 3010 2528 3092 4

539 3174 593 3217 26
615 3173 763 3218 *Esar
786 3173 851 3227 60,
876 3174 927 3217 22
2527 3175 2528 3192 1

540 3308 561 3350 1
585 3307 752 3352 ultione
769 3308 808 3352 T
918 3309 942 3351 2
965 3307 1039 3367 ad]
1059 3307 1106 3350 in
1127 3322 1152 3363 ς
1261 3309 1286 3350 4
1306 3306 1454 3351 ruinas
1474 3306 1647 3351 iunctas
1664 3296 1744 3351 TV
1854 3306 1880 3349 6
1900 3310 1946 3350 et
1965 3319 2043 3350 om.
2068 3306 2108 3350 V
2198 3305 2225 3349 9
2245 3305 2370 3349 cond.

413 3381 510 3425 ben.
540 3382 580 3425 U
670 3381 834 3427 condit.
859 3381 899 3425 V
1018 3382 1070 3425 12
1091 3380 1350 3435 subiacebit,
1373 3380 1479 3425 dum
1497 3381 1574 3425 isti
1609 3381 1768 3425 nolunt
1789 3394 1813 3435 ς
1929 3381 1981 3424 13
2000 3380 2091 3425 siue
2111 3379 2183 3436 (ue
2198 3379 2311 3436 emp.)
2335 3380 2374 3433 Τ

415 3455 469 3498 14
481 3454 671 3513 inlegate
690 3457 731 3501 U
804 3457 858 3502 16
870 3455 962 3500 sint
974 3457 1014 3501 V
1090 3457 1143 3500 18
1157 3455 1438 3513 distinguunt
1451 3470 1475 3510 ς
1561 3455 1598 3499 si
1610 3469 1712 3499 uero
1728 3467 1778 3498 ex
1789 3454 1880 3499 siue
1892 3454 2007 3498 m2T
2079 3454 2131 3498 22
2143 3466 2316 3499 rursum
2328 3452 2375 3498 U

413 3527 459 3571 id
481 3543 558 3572 om.
584 3531 624 3573 V
720 3530 774 3574 24
795 3534 841 3575 et
859 3545 939 3575 nec
964 3531 1006 3575 U
1095 3531 1145 3574 27
1172 3533 1300 3588 gente
1319 3542 1527 3588 magnam
1555 3529 1596 3573 U
1688 3529 1742 3572 29
1761 3542 1860 3586 ergo
1881 3532 1927 3572 et
1950 3530 1988 3572 T
2076 3528 2129 3572 30
2150 3530 2375 3584 contemp-

414 3601 767 3658 nantTp.c.m2V
