2528 4186
770 381 1048 438 Epistula
1086 382 1253 426 LXXV
1293 387 1400 428 1-2
1982 380 2045 432 31

97 534 583 604 multiplicetur,
619 534 755 588 utin
777 551 904 604 pace
926 535 995 588 sit
1016 535 1286 589 locuseius
1311 542 1362 589 et
1386 538 1643 592 habitatio
1666 541 1799 593 illius
1828 543 1881 595 in
1908 544 2044 608 Sion,

9 675 17 684 s
98 616 153 669 in
186 615 442 686 ‘speculan
481 615 538 668 in
576 615 896 669 sublimitate
929 616 1234 685 dogmatum
1278 623 1435 686 atque
1470 619 1741 684 uirtutum,
1784 623 1838 675 in
1879 625 2050 677 anima

0 755 1 771 ξ
100 696 372 761 credentiS,
414 697 557 749 cuius
597 696 788 749 cotidie
827 696 1037 765 angelus
1064 697 1209 750 uidet
1245 698 1430 751 faciem
1457 700 1540 752 dei
1566 706 1617 752 et
1644 702 1871 755 reuelato
1902 705 2051 756 uultu

0 771 27 839 {L
99 777 316 847 gloriam
349 777 547 830 domini
581 777 980 846 contemplatur.

0 850 6 925 Ξ
43 873 66 910 5
230 860 277 912 2.
315 858 467 912 Unde
495 858 703 911 obsecro
724 863 778 910 te
806 862 858 910 et
885 863 1192 922 currentem,
1222 864 1282 911 ut
1305 860 1468 923 aiunt,
1492 860 1697 930 inpeHO,
1720 867 1779 914 ut
1803 863 2054 916 Lucinum

0 933 9 1011 l
99 944 254 992 tuum
271 939 527 992 desideres
547 938 756 1008 quidem
770 943 835 992 ut
852 939 1085 1004 fratrem,
1123 940 1212 991 sed
1229 941 1455 1008 gaudeas
1473 958 1684 1010 regnare
1703 959 1821 995 cum
1840 944 2054 1007 Christ0,

0 1023 14 1098 ξ’
100 1020 224 1090 quia
249 1024 475 1089 raptus
505 1024 613 1084 est,
649 1036 721 1072 ne
753 1019 1000 1072 malitia
1033 1025 1311 1073 mutaret
1352 1027 1624 1075 mentem
1649 1024 1798 1076 eius,
1823 1025 2058 1093 placita

0 1098 24 1178 ξ
102 1101 269 1155 enim
305 1106 441 1154 erat
478 1101 588 1154 deo
628 1100 840 1153 anima
874 1101 1050 1154 illius
1108 1106 1168 1153 et
1205 1102 1271 1154 in
1308 1102 1486 1154 breui
1524 1104 1732 1172 spatio
1770 1110 2055 1174 tempora

99 1182 301 1236 multa
348 1176 718 1251 conpleuit(
757 1199 852 1236 nos
894 1181 1101 1235 dolendi
1148 1183 1325 1251 magis,
1381 1184 1470 1252 qui
1518 1185 1706 1237 cotidie
1756 1191 1954 1238 stamus
2004 1187 2056 1238 in

4 1262 66 1335 ἰο
98 1263 290 1333 proelio
330 1268 678 1334 peccatorum,
721 1263 866 1316 uitiis
906 1263 1246 1327 sordidamur,
1303 1264 1580 1334 accipimus
1634 1266 1849 1318 uulnera
1903 1272 1954 1318 et
1995 1267 2056 1319 de

4 1358 6 1364 ’
99 1345 265 1405 otioso
290 1344 449 1399 uerbo
474 1344 731 1397 reddituri
756 1361 932 1397 sumus
958 1344 1231 1397 rationem.
1260 1345 1345 1397 ille
1371 1345 1476 1398 iam
1502 1340 1708 1399 securus
1734 1352 1785 1399 et
1811 1347 1978 1400 uictor
2003 1353 2055 1399 te

100 1423 285 1496 aspicit
305 1426 381 1493 *de
414 1425 612 1479 excelso
647 1430 699 1478 et
731 1425 878 1478 fauet
902 1425 1175 1485 laboranti
1206 1430 1260 1478 et
1292 1426 1443 1479 iuxta
1475 1443 1527 1478 se
1559 1426 1730 1479 locum
1784 1434 2057 1497 praeparat

101 1507 283 1574 eodem
349 1522 523 1560 amore
585 1511 639 1560 et
706 1507 888 1559 eadem
955 1506 1189 1570 caritate,
1272 1523 1375 1576 qua
1441 1507 1629 1560 oblitus
1707 1508 1862 1561 officii
1939 1526 2058 1561 con·

101 1587 283 1656 iugalis
308 1587 365 1643 in
388 1593 529 1642 terra
556 1603 761 1658 quoque
792 1604 1018 1640 sororem
1048 1592 1102 1640 te
1129 1587 1317 1640 habere
1345 1593 1600 1657 coeperat,
1629 1588 1786 1642 immo
1821 1590 2051 1653 fratrem,

15 1683 64 1721 15
100 1669 222 1738 quia
251 1674 399 1723 casta
428 1669 724 1722 coniunctio
757 1685 940 1722 sexum
970 1686 1075 1722 non
1107 1668 1266 1722 habet
1298 1669 1602 1738 nuptialem.
1639 1675 1692 1722 et
1723 1670 1766 1721 si
1798 1670 1966 1722 adhuc
1997 1670 2051 1722 in

101 1767 252 1804 carne
330 1750 489 1820 positi
557 1755 610 1803 et
667 1750 836 1803 renati
919 1749 975 1802 in
1035 1750 1237 1803 Christo
1307 1767 1411 1802 non
1466 1767 1641 1802 sumus
1704 1749 1928 1803 Graecus
1999 1756 2051 1803 et

101 1831 367 1896 barbarus,
412 1848 589 1885 seruus
634 1836 686 1885 et
727 1831 872 1896 liber,
916 1830 1174 1884 masculus
1212 1836 1263 1883 et
1300 1831 1506 1895 femina,
1552 1831 1641 1883 sed
1684 1848 1857 1885 omnes
1898 1832 1952 1886 in
1995 1848 2053 1883 eo
2134 1828 2139 1831 ‘

102 1929 267 1966 unum
309 1929 504 1978 sumUS,
555 1917 752 1982 quanto
793 1912 973 1980 magiS,
1021 1929 1140 1964 cum
1180 1912 1539 1981 corruptiuum
1580 1912 1675 1965 hoc
1715 1912 1942 1964 induerit
1982 1912 2057 1963 in-

11 2030 13 2035 ·
99 1994 484 2064 corruptionem
525 1999 578 2047 et
618 1993 839 2047 mor-tale
879 1993 1109 2046 induerit
1149 1993 1600 2066 inmortalitatem,
1644 2009 1767 2045 non
1818 1992 2059 2044 nubent

13 2089 67 2128 20
99 2091 304 2144 neque
334 2075 675 2140 nubentur,
716 2075 822 2127 sed
852 2079 1040 2127 erunt
1071 2075 1237 2128 sicut
1268 2074 1474 2142 angeli
1502 2074 1567 2126 in
1589 2073 1819 2126 caelis!
1853 2073 2056 2142 quando

101 2155 339 2210 diciturz-
367 2173 492 2210 non
543 2156 790 2209 nubent
844 2172 1050 2225 neque
1104 2155 1444 2219 nubentur,
1500 2155 1604 2207 sed
1655 2160 1842 2207 erunt
1894 2154 2059 2206 sicut

101 2237 309 2307 angeli
339 2238 406 2290 in
440 2237 644 2302 caeliS,
673 2255 779 2291 non
804 2242 996 2290 natura
1023 2242 1074 2290 et
1102 2236 1401 2289 substantia
1426 2252 1698 2304 corporum
1723 2235 1938 2297 tollitur,
1970 2233 2058 2286 sed

51 2364 56 2368 ,
98 2318 288 2387 gloriae
330 2318 637 2388 magnitudo
682 2323 1019 2372 monstratur.
1067 2334 1234 2386 neque
1265 2317 1401 2370 enim
1431 2316 1680 2385 scriptum
1710 2322 1810 2368 est:
1858 2320 2055 2367 erunt

102 2399 338 2469 angeli,
360 2400 473 2453 sed:
502 2400 589 2453 sic
602 2404 671 2452 ut
699 2400 919 2468 angeli,
949 2399 1040 2452 ubi
1053 2398 1336 2452 similitudo
1350 2397 1688 2467 promittitur,
1705 2396 1894 2449 ueritas
1909 2396 2058 2448 dene-

13 2501 28 2525 ν
46 2495 67 2532 5
99 2485 268 2550 gatur.
319 2486 523 2546 erunt,
546 2481 737 2550 inquit,
769 2481 937 2534 sicut
966 2480 1187 2548 angeli,
1211 2480 1266 2532 id
1288 2484 1366 2532 est
1388 2478 1575 2531 similes
1600 2478 1917 2546 angelorum:
1942 2493 2057 2544 ergo

218 2659 241 2702 1
267 2658 321 2702 cf.
347 2659 416 2702 Ps.
442 2657 509 2712 75,
533 2660 560 2703 3
742 2660 766 2702 2
785 2657 977 2715 specula]
1000 2657 1053 2700 cf.
1079 2656 1363 2701 Onomastica
1385 2669 1507 2698 sacra
1528 2656 1593 2698 ed.
1617 2653 1809 2711 Lagarde
1831 2667 1871 2709 p.
1895 2654 1960 2703 39,
1986 2651 2055 2702 25ς

106 2733 176 2784 43,
201 2732 269 2784 12;
291 2732 360 2784 50,
383 2732 451 2785 25;
474 2731 543 2786 75,
564 2734 606 2785 2;
630 2733 697 2785 78,
720 2732 788 2785 15;
812 2733 879 2783 81,
902 2734 954 2776 17
1079 2733 1106 2776 3
1131 2731 1185 2774 cf.
1210 2730 1370 2774 Matth.
1397 2730 1463 2781 18,
1489 2730 1539 2773 10
1653 2728 1705 2771 cf.
1739 2727 1783 2770 II
1812 2727 1903 2770 Cor.
1932 2728 1972 2777 3,
2003 2726 2054 2769 18

16 2835 30 2856 .·
115 2806 141 2849 6
160 2806 214 2851 cf.
236 2804 370 2863 Apoc.
394 2807 462 2859 20,
483 2809 510 2851 4
579 2809 603 2851 7
627 2806 757 2863 *Sap
779 2808 819 2858 4,
843 2807 908 2850 11.
931 2807 997 2850 14.
1021 2806 1074 2849 13
1145 2805 1197 2848 10
1219 2804 1273 2847 cf.
1295 2803 1453 2847 Matth.
1477 2804 1542 2854 12,
1563 2802 1617 2845 36
1686 2802 1738 2845 16
1755 2801 1807 2844 cf.
1834 2800 1928 2843 Gal.
1946 2801 1985 2850 3,
2005 2799 2056 2842 28

31 2894 37 2908 ··
107 2879 161 2924 18
178 2880 233 2924 cf.
253 2880 275 2923 1
290 2880 383 2924 eor.
401 2879 468 2934 15,
485 2879 650 2925 53—54
781 2881 834 2924 19
856 2879 1040 2924 *Mam
1060 2880 1126 2931 22,
1143 2879 1212 2923 30.
1233 2878 1388 2921 *Mam
1407 2878 1472 2928 12,
1490 2875 1542 2919 25

218 3021 240 3064 1
255 3019 558 3078 multipliciter
569 3020 654 3064 AD
735 3019 872 3076 illius]
896 3019 986 3063 eius
1011 3033 1035 3073 ς
1119 3017 1242 3074 Sion]
1256 3017 1352 3061 add.
1372 3016 1415 3059 id
1432 3015 1549 3062 estffi
1565 3029 1643 3070 my.
1747 3016 1771 3057 2
1785 3012 1956 3069 speculo
1975 3012 2056 3053 AD

16 3080 19 3159 Ξ
40 3151 42 3153 ‚
104 3094 132 3138 3
147 3093 360 3138 uidit'AD
471 3093 680 3138 reuelatio
696 3094 737 3137 D
852 3093 1004 3137 uultus
1028 3089 1066 3135 Φ
1174 3093 1200 3135 4
1220 3090 1348 3148 glor.]
1371 3089 1525 3132 faciem
1545 3089 1628 3132 AD
1730 3086 1799 3130 dei
1820 3101 1842 3139 ς
1947 3086 1972 3127 5
1995 3083 2054 3139 et]

17 3191 20 3218 2
104 3180 239 3224 quam
253 3167 341 3211 ‘AD
417 3167 648 3212 Lucinium
670 3182 694 3222 ς
787 3169 810 3211 7
832 3166 1005 3211 malitia
1024 3163 1191 3210 Aa.r.<I)
1281 3164 1521 3207 inmutaret
1543 3160 1624 3205 ΦΒ
1713 3162 1738 3203 8
1760 3161 1837 3202 deo
1861 3162 1954 3201 erat
1973 3158 2055 3200 AD

17 3230 20 3266 ἶ
56 3266 63 3278 .«
107 3240 198 3285 eius
227 3241 267 3284 B
403 3242 430 3286 9
457 3242 653 3286 dolentes
678 3255 731 3285 ex
754 3240 922 3285 dolenti
946 3239 1060 3284 m2A
1194 3239 1243 3282 11
1272 3237 1333 3294 et]
1364 3237 1420 3280 ad
1450 3235 1488 3279 ‹l›
1619 3237 1670 3279 12
1697 3235 1765 3276 alt.
1796 3236 1839 3275 et
1865 3246 1942 3274 om.
1973 3230 2055 3273 AD

19 3358 22 3364 ,
50 3324 63 3356 ῑ
109 3316 162 3359 13
183 3315 301 3372 quod
320 3315 370 3372 (d
388 3315 513 3373 eras.)
533 3315 709 3359 oblatus
730 3315 772 3358 A
904 3316 956 3358 14
977 3317 1140 3357 terram
1163 3313 1203 3355 D
1330 3323 1472 3354 sorore
1496 3308 1534 3351 ‹1›
1662 3307 1711 3351 15
1734 3310 1874 3349 castra
1893 3305 2053 3348 ADa.c.

19 3390 22 3398 ’
49 3377 57 3395 ²
109 3388 331 3432 coniuncti
352 3386 391 3432 Φ
502 3389 668 3434 habent
687 3390 728 3432 D
854 3389 907 3432 16
928 3401 1016 3431 non
1036 3401 1115 3430 om.
1142 3384 1180 3429 Φ
1308 3387 1359 3428 17
1377 3397 1485 3428 seru.
1506 3386 1549 3425 et
1564 3381 1658 3437 lib.]
1677 3384 1720 3423 et
1736 3393 1844 3422 seru.
1862 3378 1936 3421 lib.
1955 3381 2000 3420 et
2018 3374 2056 3444 (1)

20 3464 24 3528 ἶ,
52 3448 76 3520 V„
106 3461 152 3505 in
170 3475 265 3518 exp.
283 3462 326 3506 A
420 3476 469 3507 eo
485 3477 566 3507 om.
583 3463 623 3507 A
721 3462 772 3506 19
786 3461 1019 3507 mortalem
1034 3461 1098 3515 D,·
1109 3460 1203 3503 add.
1220 3459 1301 3501 hoc
1318 3458 1355 3499 Β
1452 3456 1645 3498 induitur
1661 3452 1698 3496 ‹1›
1778 3454 1831 3496 20
1843 3450 2003 3507 angelis
2017 3450 2056 3492 D

20 3530 25 3594 j
73 3542 75 3546 '
110 3536 285 3598 qgando
306 3537 418 3581 -22
440 3536 568 3581 caelis
589 3551 669 3580 om.
693 3537 733 3580 D
848 3537 898 3579 21
922 3534 1030 3578 dicit
1050 3534 1092 3576 A
1205 3534 1257 3575 22
1282 3531 1342 3587 et]
1365 3530 1439 3574 sed
1464 3527 1502 3571 ‹l›
1630 3529 1680 3570 24
1701 3525 1792 3582 sed]
1814 3525 1908 3568 add.
1931 3527 2058 3567 erunt

75 3648 78 3655 ,
109 3609 205 3666 (del.
221 3610 313 3666 m2)
327 3609 367 3653 B
477 3624 566 3654 non
581 3610 821 3667 denegatur
835 3609 919 3652 AD
1034 3607 1086 3651 25
1102 3605 1253 3650 similis
1271 3605 1430 3647 ADa.c.
