2528 4186
448 300 545 352 184
638 298 640 301 ’
1137 310 1343 356 Sancti
1375 310 1719 367 Hieronymi
2523 321 2528 352 1

444 486 546 538 que
580 469 760 521 dicunt
794 467 950 520 libros
984 467 1219 519 similiter
1253 468 1581 536 deprauatOS,
1619 472 1678 520 ut
1712 467 1858 520 illum
1892 482 1997 522 non
2029 483 2126 521 sua
2158 467 2278 532 fide,
2315 469 2407 521 sed
2522 521 2524 527 .

445 550 664 603 aliorum
698 554 948 602 tueantur
982 549 1251 602 erroribus,
1289 565 1472 602 uerum
1505 549 1632 602 haec
1668 549 1945 601 aduersum
1979 549 2231 602 hereticos
2266 550 2408 603 dicta
2518 542 2528 658 1

443 632 565 696 sint,
607 631 697 700 qui
731 631 923 683 iniusto
962 636 1143 684 contra
1178 646 1271 683 nos
1309 630 1426 682 odio
1462 630 1751 683 saeuientes
1786 633 1962 683 mente
1998 629 2232 683 fatentur
2267 647 2408 684 arca·
2455 685 2458 687 ,
2518 631 2523 635 ”

441 730 568 766 1111111
608 718 660 765 et
699 729 901 766 uenena
937 712 1158 780 pectoris
1197 711 1573 764 inremediabili
1611 711 1786 764 dolore
1823 715 2102 764 testantur.

533 821 537 824 ’
574 818 620 870 3.
671 817 793 880 Uos,
844 815 1120 870 Christiani
1165 820 1376 868 senatus
1423 814 1634 879 lumina,
1685 815 1904 884 accipite
1951 820 2003 868 et
2054 815 2305 869 Graecam
2353 820 2404 868 et
2438 829 2460 866 5
2520 745 2528 843 Ἰ

444 898 689 951 Latinam
711 897 870 950 etiam
889 898 986 951 hoc
1008 913 1143 950 anno
1167 896 1443 966 epistulam
1456 928 1519 933 —
1543 913 1607 949 ne
1628 913 1832 950 rursum
1853 897 2066 949 heretici
2084 897 2406 952 mentiantur
2522 892 2523 909 ³

442 998 475 1033 a
499 979 648 1033 nobis
668 979 914 1049 pleraque
934 978 1018 1032 uel
1037 979 1220 1032 addita
1232 978 1316 1031 uel
1327 983 1536 1031 mutata
1547 1010 1626 1042 —‚
1649 978 1703 1030 in
1717 995 1821 1047 qua
1841 978 2098 1031 laborasse
2119 995 2203 1030 me
2222 977 2403 1042 fateor,

443 1066 502 1114 ut
540 1061 818 1114 uerborum
856 1060 1166 1130 elegantiam
1202 1060 1316 1128 pari
1351 1059 1795 1128 interpretationis
1832 1064 2110 1113 uenustate
2145 1075 2405 1112 seruarem

443 1148 496 1195 et
521 1143 661 1195 intra
701 1142 945 1195 definitas
972 1142 1134 1194 lineas
1162 1157 1367 1194 currens
1395 1157 1490 1192 nec
1514 1141 1569 1193 in
1597 1156 1863 1210 quoquam
1889 1141 2139 1194 excedens
2165 1141 2277 1194 1000
2306 1140 2406 1194 010-

440 1224 684 1293 quentiae
714 1224 820 1276 eius
850 1224 1050 1276 fluenta
1078 1239 1183 1276 11011
1211 1223 1478 1291 perderem
1508 1222 1818 1291 easdemque
1846 1239 1926 1275 res
1957 1223 2139 1275 eodem
2167 1230 2402 1276 sermone
2437 1236 2490 1274 10
2520 1282 2522 1288 ,

440 1305 775 1361 transferrem
812 1337 879 1342 —
915 1305 1055 1374 quod
1093 1309 1272 1357 utrum
1308 1320 1470 1356 necne
1507 1308 1812 1356 consecutus
1848 1303 1963 1368 sim,
2003 1308 2178 1356 uestro
2214 1303 2403 1356 iudicio

441 1387 739 1455 derelinquo
766 1404 851 1450 —3
882 1393 1047 1455 'quam
1071 1385 1246 1438 sciatis
1271 1386 1326 1439 in
1353 1389 1604 1454 quattuor
1635 1390 1810 1454 partes
1843 1401 1951 1438 esse
1984 1385 2230 1438 diuisam:
2266 1390 2319 1437 et
2342 1385 2404 1439 ‘in

440 1469 701 1537 prooemio
742 1469 1006 1520 credentes
1044 1468 1287 1520 hortatur
1325 1467 1392 1520 ad
1431 1466 1750 1520 dominicum
1789 1467 1983 1534 pascha
2020 1465 2399 1531 celebrandum,

438 1551 492 1602 in
511 1550 736 1602 secundo
759 1555 811 1602 et
831 1549 986 1602 tertio
1007 1548 1118 1602 1000
1141 1548 1493 1618 Apollinarem
1515 1554 1566 1601 et
1588 1548 1862 1617 Origenem
1880 1547 2098 1617 iugulat,
2120 1548 2175 1601 in
2197 1553 2399 1617 quarte,

439 1632 491 1684 id
539 1636 616 1684 est
664 1636 910 1695 extreme,
960 1631 1212 1684 hereticos
1260 1631 1327 1683 ad
1372 1630 1752 1699 paenitentiam
1799 1630 2115 1683 cohortatur.
2186 1630 2229 1682 si
2276 1629 2401 1699 quid
2437 1643 2485 1680 15

437 1718 614 1766 autem
647 1712 731 1765 hic
764 1713 934 1768 minus
970 1713 1247 1765 aduersum
1283 1711 1555 1780 Origenem
1590 1712 1790 1765 dictum
1825 1717 1918 1776 est,
1957 1716 2009 1764 et
2042 1711 2097 1764 in
2130 1711 2399 1780 praeteriti

438 1794 559 1847 anni
596 1794 818 1864 epistula
854 1794 1149 1847 continetur
1186 1799 1237 1846 et
1273 1794 1416 1858 haec,
1457 1810 1616 1862 quam
1651 1794 1806 1846 modo
1844 1793 2111 1857 uertimUS,
2151 1792 2401 1846 breuitati

435 1877 649 1929 studens
693 1876 859 1928 dicere
899 1875 1049 1944 plura
1089 1893 1194 1928 non
1236 1875 1431 1928 debuit.
1476 1891 1628 1944 porro
1673 1880 1855 1928 contra
1895 1874 2247 1944 Apollinarem
2289 1890 2400 1927 suc-

442 1957 613 2010 cincta
638 1957 769 2010 fides
801 1962 852 2010 et
879 1974 1010 2026 pura
1035 1957 1282 2026 professio
1310 1973 1415 2009 11011
1442 1962 1581 2010 caret
1607 1956 1900 2009 subtilitate
1940 1955 2226 2020 dialectica.
2267 1971 2400 2024 quae

434 2039 792 2092 aduersarium
828 2056 980 2092 suum
1016 2043 1221 2096 extorto
1258 2039 1322 2091 de
1356 2038 1596 2091 manibus
1649 2038 1755 2094 01110
1806 2037 2028 2110 pugione
2081 2036 2326 2091 confodit.
2432 2051 2485 2088 20
2517 2077 2520 2084 .

566 2144 612 2195 4.
648 2142 805 2195 Orate
832 2143 991 2211 igitur
1018 2142 1305 2207 dominum,
1335 2146 1411 2206 ut,
1442 2142 1582 2211 quod
1607 2142 1662 2194 in
1693 2141 1887 2195 Graeco
1914 2140 2101 2210 placet,
2130 2140 2184 2192 in
2211 2139 2398 2193 Latino

437 2240 544 2276 non
585 2223 857 2293 displiceat
900 2229 967 2288 et,
1012 2225 1153 2293 quod
1193 2229 1337 2277 totus
1380 2223 1545 2277 oriens
1586 2223 1806 2276 miratur
1847 2227 1898 2275 et
1938 2222 2219 2292 praedicat,
2262 2221 2398 2274 laeto

434 2306 550 2358 sinu
597 2304 766 2358 Roma
831 2305 1078 2375 suscipiat
1139 2305 1682 2374 praedicationemque
1724 2305 2000 2357 cathedrae
2042 2303 2202 2356 Marci
2243 2319 2398 2356 euan-

431 2386 646 2455 gelistae
674 2387 921 2440 cathedra
948 2387 1170 2456 apostoli
1195 2387 1338 2439 Petri
1362 2403 1459 2440 sua
1483 2387 1868 2455 praedicatione
1895 2385 2183 2448 confirmet,
2215 2401 2396 2454 quam—

435 2485 597 2536 quam
635 2468 821 2521 celebri
857 2485 1091 2533 sermone
1129 2468 1403 2537 uulgatum
1440 2468 1508 2520 sit
1546 2467 1763 2520 beatum
1800 2483 2005 2536 quoque
2043 2483 2236 2536 papam
2258 2465 2396 2519 Ana·
2429 2478 2479 2517 25

433 2550 653 2602 stasium
684 2550 865 2603 eodem
894 2549 1109 2614 feruore,
1143 2550 1267 2618 quia
1297 2550 1477 2602 eodem
1508 2554 1585 2603 est
1615 2549 1816 2617 spiritU,
1848 2548 2118 2601 latitantes
2147 2547 2202 2600 in
2231 2547 2395 2600 foueis

431 2631 539 2684 suis
595 2631 845 2684 hereticos
882 2635 1212 2700 persecutum
1249 2631 1460 2699 eiusque
1495 2629 1700 2683 litterae
1737 2631 1958 2683 doceant
1996 2630 2306 2683 damnatum
2341 2628 2394 2681 in

433 2712 716 2776 occidente,
756 2713 896 2781 quod
929 2713 984 2767 in
1019 2712 1215 2765 oriente
1250 2713 1559 2765 damnatum
1595 2717 1686 2764 est.
1726 2712 1809 2764 cui
1841 2711 2034 2764 multos
2068 2711 2396 2780 inprecamur

432 2810 613 2858 annOS‚
645 2799 705 2846 ut
732 2794 964 2862 hereseos
993 2794 1228 2847 rediuiua
1255 2793 1516 2863 plantaria
1541 2809 1632 2862 per
1658 2793 1794 2846 iHius
1821 2793 2056 2846 studium
2082 2792 2235 2862 longo
2262 2795 2393 2845 tem-

430 2891 556 2944 pore
591 2875 819 2928 arefacta
852 2875 1154 2929 moriantur.
2428 2886 2481 2924 3⁰

568 3112 595 3156 3
613 3111 776 3156 mentis
798 3126 823 3166 ς
965 3111 1207 3156 archanum
1229 3111 1269 3154 A
1409 3111 1435 3154 4
1454 3123 1673 3153 uenenum
1693 3110 1748 3153 M
1891 3111 1942 3153 11
1965 3121 2083 3153 cons.-
2103 3108 2190 3152 sim
2207 3120 2343 3151 necne
2364 3121 2390 3162 ς

433 3192 490 3236 12
509 3187 708 3243 relinquo
728 3200 753 3240 ς
839 3189 885 3230 et
904 3199 983 3230 om.
1006 3200 1031 3240 ς
1096 3187 1149 3230 13
1170 3184 1363 3241 proemio
1383 3182 1477 3228 ΑΠ
1492 3183 1684 3241 praemio
1707 3179 1970 3236 D‚Ma.c.m2
1990 3181 2133 3239 primo
2150 3177 2389 3237 Mp.c.m2g
2422 3208 2426 3212 ,

431 3265 638 3310 hortatus
660 3261 701 3304 D
806 3262 860 3305 14
879 3259 1195 3317 appollinarem
1216 3256 1262 3302 Π
1283 3257 1605 3315 Apollinarium
1626 3272 1650 3313 ς
1756 3258 1808 3302 16
1829 3257 2038 3303 aduersus
2056 3257 2112 3300 M
2223 3257 2276 3300 17
2296 3255 2390 3300 bre-

432 3338 576 3384 uitate
596 3335 639 3378 A
725 3336 778 3379 18
797 3333 1120 3391 Apollinarium
1141 3348 1166 3389 ς
1264 3334 1315 3379 21
1337 3336 1390 3378 ut
1408 3347 1487 3377 om.
1510 3334 1551 3377 A
1638 3333 1691 3377 22
1713 3332 1833 3390 quod
1853 3344 1904 3376 ex
1923 3335 2035 3389 quot
2050 3331 2103 3375 M
2193 3330 2246 3375 23
2266 3342 2389 3386 prae-

431 3412 703 3458 dicationem
723 3422 896 3467 quoque
920 3424 944 3464 ς
1087 3409 1140 3453 24
1160 3408 1274 3464 petri
1293 3411 1435 3463 apost.
1456 3405 1507 3450 Π
1645 3406 1696 3451 25
1718 3419 1866 3463 papan
1884 3406 1960 3463 (an
1971 3402 2128 3461 s.l.m2)
2149 3404 2191 3449 A
2209 3416 2326 3460 papa
2348 3403 2388 3447 D

432 3487 489 3532 26
508 3485 668 3543 spiritu
687 3489 754 3529 est
774 3498 799 3538 ς
854 3488 923 3529 est
940 3483 1069 3528 s.z.M
1134 3483 1191 3528 30
1210 3480 1343 3538 mor.]
1364 3482 1459 3525 add.
1481 3480 1664 3538 explicit
1683 3480 1739 3524 ad
1761 3479 2089 3538 pammachium
2110 3479 2150 3522 D
2206 3476 2390 3535 explicit

430 3561 492 3605 ad
512 3558 840 3617 pammachium
859 3563 905 3603 et
923 3556 1174 3602 marcellam
1193 3556 1248 3600 M
