<?xml version="1.0" encoding="UTF-8"?>
<!DOCTYPE html PUBLIC "-//W3C//DTD XHTML 1.0 Transitional//EN"
    "http://www.w3.org/TR/xhtml1/DTD/xhtml1-transitional.dtd">
<html xmlns="http://www.w3.org/1999/xhtml" xml:lang="en" lang="en">
 <head>
  <title>
</title>
<meta http-equiv="Content-Type" content="text/html;charset=utf-8" />
  <meta name='ocr-system' content='tesseract 3.04.00' />
  <meta name='ocr-capabilities' content='ocr_page ocr_carea ocr_par ocr_line ocrx_word'/>
</head>
<body>
  <div class='ocr_page' id='page_1' title='image "./corpusscriptorum55stuoft_0182.png"; bbox 0 0 2528 4186; ppageno 0'>
   <div class='ocr_carea' id='block_1_1' title="bbox 404 316 1676 395">
    <p class='ocr_par' dir='ltr' id='par_1_1' title="bbox 404 316 1676 395">
     <span class='ocr_line' id='line_1_1' title="bbox 404 316 1676 395; baseline 0.005 -29"><span class='ocrx_word' id='word_1_1' title='bbox 404 316 500 367; x_wconf 76' lang='lat'>172</span> <span class='ocrx_word' id='word_1_2' title='bbox 1092 326 1299 395; x_wconf 79' lang='lat' dir='ltr'>Sancti</span> <span class='ocrx_word' id='word_1_3' title='bbox 1331 326 1676 383; x_wconf 86' lang='lat' dir='ltr'><strong>Hieronymi</strong></span> 
     </span>
    </p>
   </div>
   <div class='ocr_carea' id='block_1_2' title="bbox 332 476 2528 2830">
    <p class='ocr_par' dir='ltr' id='par_1_2' title="bbox 332 476 2528 2830">
     <span class='ocr_line' id='line_1_2' title="bbox 398 476 2348 552; baseline 0.001 -15"><span class='ocrx_word' id='word_1_4' title='bbox 398 484 676 537; x_wconf 85' lang='lat' dir='ltr'>amissurus</span> <span class='ocrx_word' id='word_1_5' title='bbox 714 483 853 535; x_wconf 90' lang='lat' dir='ltr'>aliud</span> <span class='ocrx_word' id='word_1_6' title='bbox 891 483 988 535; x_wconf 85' lang='lat' dir='ltr'>sibi</span> <span class='ocrx_word' id='word_1_7' title='bbox 1025 481 1280 550; x_wconf 90' lang='lat' dir='ltr'>templum</span> <span class='ocrx_word' id='word_1_8' title='bbox 1319 482 1648 534; x_wconf 89' lang='lat' dir='ltr'>daemonicae</span> <span class='ocrx_word' id='word_1_9' title='bbox 1687 476 1994 536; x_wconf 83' lang='lat' dir='ltr'>conditionis</span> <span class='ocrx_word' id='word_1_10' title='bbox 2032 483 2248 552; x_wconf 81' lang='lat' dir='ltr'>adfigat,</span> <span class='ocrx_word' id='word_1_11' title='bbox 2288 490 2348 539; x_wconf 89' lang='lat' dir='ltr'>ut</span> 
     </span>
     <span class='ocr_line' id='line_1_3' title="bbox 396 562 2348 633; baseline 0.002 -16"><span class='ocrx_word' id='word_1_12' title='bbox 396 566 599 618; x_wconf 91' lang='lat' dir='ltr'>illorum</span> <span class='ocrx_word' id='word_1_13' title='bbox 641 581 846 633; x_wconf 91' lang='lat' dir='ltr'>quoque</span> <span class='ocrx_word' id='word_1_14' title='bbox 887 568 1094 632; x_wconf 90' lang='lat' dir='ltr'>recepta</span> <span class='ocrx_word' id='word_1_15' title='bbox 1135 562 1470 615; x_wconf 78' lang='lat' dir='ltr'>similitudine</span> <span class='ocrx_word' id='word_1_16' title='bbox 1512 579 1604 631; x_wconf 92' lang='lat' dir='ltr'>pro</span> <span class='ocrx_word' id='word_1_17' title='bbox 1645 563 1768 632; x_wconf 88' lang='lat' dir='ltr'>ipsis</span> <span class='ocrx_word' id='word_1_18' title='bbox 1810 563 2107 632; x_wconf 80' lang='lat' dir='ltr'>patibulum</span> <span class='ocrx_word' id='word_1_19' title='bbox 2147 565 2348 620; x_wconf 88' lang='lat' dir='ltr'>subeat.</span> 
     </span>
     <span class='ocr_line' id='line_1_4' title="bbox 529 643 2350 714; baseline 0.001 -15"><span class='ocrx_word' id='word_1_20' title='bbox 529 648 604 699; x_wconf 89' lang='lat'>13.</span> <span class='ocrx_word' id='word_1_21' title='bbox 662 646 900 710; x_wconf 78' lang='lat' dir='ltr'>Obsecro,</span> <span class='ocrx_word' id='word_1_22' title='bbox 955 645 1138 697; x_wconf 82' lang='lat' dir='ltr'>fratres</span> <span class='ocrx_word' id='word_1_23' title='bbox 1192 643 1523 708; x_wconf 79' lang='lat' dir='ltr'>dilectissimi,</span> <span class='ocrx_word' id='word_1_24' title='bbox 1578 649 1639 699; x_wconf 91' lang='lat' dir='ltr'>ut</span> <span class='ocrx_word' id='word_1_25' title='bbox 1689 644 1967 714; x_wconf 82' lang='lat' dir='ltr'>ignoscatis</span> <span class='ocrx_word' id='word_1_26' title='bbox 2019 646 2183 699; x_wconf 93' lang='lat' dir='ltr'>dolori</span> <span class='ocrx_word' id='word_1_27' title='bbox 2235 663 2350 700; x_wconf 90' lang='lat' dir='ltr'>meo</span> 
     </span>
     <span class='ocr_line' id='line_1_5' title="bbox 396 725 2348 796; baseline 0.001 -16"><span class='ocrx_word' id='word_1_28' title='bbox 396 727 643 780; x_wconf 85' lang='lat' dir='ltr'>doctrinis</span> <span class='ocrx_word' id='word_1_29' title='bbox 673 728 825 796; x_wconf 88' lang='lat' dir='ltr'>inpiis</span> <span class='ocrx_word' id='word_1_30' title='bbox 857 726 1128 779; x_wconf 87' lang='lat' dir='ltr'>resistenti.</span> <span class='ocrx_word' id='word_1_31' title='bbox 1169 726 1295 778; x_wconf 91' lang='lat' dir='ltr'>dum</span> <span class='ocrx_word' id='word_1_32' title='bbox 1328 725 1465 778; x_wconf 90' lang='lat' dir='ltr'>enim</span> <span class='ocrx_word' id='word_1_33' title='bbox 1495 726 1859 794; x_wconf 90' lang='lat' dir='ltr'>inpudentiam</span> <span class='ocrx_word' id='word_1_34' title='bbox 1890 731 2208 780; x_wconf 88' lang='lat' dir='ltr'>sectatorum</span> <span class='ocrx_word' id='word_1_35' title='bbox 2240 728 2348 782; x_wconf 89' lang='lat' dir='ltr'>eius</span> 
     </span>
     <span class='ocr_line' id='line_1_6' title="bbox 395 806 2525 881; baseline 0 -21"><span class='ocrx_word' id='word_1_36' title='bbox 395 814 718 878; x_wconf 85' lang='lat' dir='ltr'>repercutere</span> <span class='ocrx_word' id='word_1_37' title='bbox 754 809 953 872; x_wconf 86' lang='lat' dir='ltr'>nititur,</span> <span class='ocrx_word' id='word_1_38' title='bbox 1005 823 1288 876; x_wconf 89' lang='lat' dir='ltr'>conpagem</span> <span class='ocrx_word' id='word_1_39' title='bbox 1335 806 1521 860; x_wconf 89' lang='lat' dir='ltr'>loricae</span> <span class='ocrx_word' id='word_1_40' title='bbox 1556 807 1715 876; x_wconf 88' lang='lat' dir='ltr'>ipsius</span> <span class='ocrx_word' id='word_1_41' title='bbox 1754 812 1806 861; x_wconf 91' lang='lat' dir='ltr'>et</span> <span class='ocrx_word' id='word_1_42' title='bbox 1843 809 2087 861; x_wconf 91' lang='lat' dir='ltr'>uenenati</span> <span class='ocrx_word' id='word_1_43' title='bbox 2122 810 2346 877; x_wconf 89' lang='lat' dir='ltr'>pectoris</span> <span class='ocrx_word' id='word_1_44' title='bbox 2410 825 2432 860; x_wconf 86' lang='lat'>5</span> <span class='ocrx_word' id='word_1_45' title='bbox 2488 880 2491 881; x_wconf 15' lang='lat'><em>⁷</em></span> <span class='ocrx_word' id='word_1_46' title='bbox 2523 823 2525 826; x_wconf 54' lang='lat'><strong><em>⁴</em></strong></span> 
     </span>
     <span class='ocr_line' id='line_1_7' title="bbox 395 888 2354 958; baseline 0.001 -17"><span class='ocrx_word' id='word_1_47' title='bbox 395 890 768 943; x_wconf 82' lang='lat' dir='ltr'>fraudulentias</span> <span class='ocrx_word' id='word_1_48' title='bbox 805 890 859 942; x_wconf 92' lang='lat' dir='ltr'>in</span> <span class='ocrx_word' id='word_1_49' title='bbox 895 889 1124 941; x_wconf 91' lang='lat' dir='ltr'>medium</span> <span class='ocrx_word' id='word_1_50' title='bbox 1159 888 1486 956; x_wconf 90' lang='lat' dir='ltr'>protulimus,</span> <span class='ocrx_word' id='word_1_51' title='bbox 1525 894 1585 942; x_wconf 88' lang='lat' dir='ltr'>ut</span> <span class='ocrx_word' id='word_1_52' title='bbox 1620 888 1748 941; x_wconf 92' lang='lat' dir='ltr'>illud</span> <span class='ocrx_word' id='word_1_53' title='bbox 1786 905 1992 958; x_wconf 92' lang='lat' dir='ltr'>quoque</span> <span class='ocrx_word' id='word_1_54' title='bbox 2029 889 2354 958; x_wconf 88' lang='lat' dir='ltr'>conpleretur</span> 
     </span>
     <span class='ocr_line' id='line_1_8' title="bbox 394 969 2355 1039; baseline 0.001 -16"><span class='ocrx_word' id='word_1_55' title='bbox 394 973 448 1023; x_wconf 90' lang='lat' dir='ltr'>in</span> <span class='ocrx_word' id='word_1_56' title='bbox 494 989 576 1025; x_wconf 89' lang='lat' dir='ltr'>eo:</span> <span class='ocrx_word' id='word_1_57' title='bbox 624 971 990 1038; x_wconf 83' lang='lat' dir='ltr'>reuelabo</span> <span class='ocrx_word' id='word_1_58' title='bbox 1037 969 1539 1039; x_wconf 84' lang='lat' dir='ltr'>ignominiam</span> <span class='ocrx_word' id='word_1_59' title='bbox 1583 975 1789 1023; x_wconf 92' lang='lat' dir='ltr'>tuam</span> <span class='ocrx_word' id='word_1_60' title='bbox 1835 975 1906 1023; x_wconf 88' lang='lat' dir='ltr'>et</span> <span class='ocrx_word' id='word_1_61' title='bbox 1953 972 2355 1025; x_wconf 88' lang='lat' dir='ltr'>ostendam</span> 
     </span>
     <span class='ocr_line' id='line_1_9' title="bbox 396 1051 2353 1106; baseline 0.001 -1"><span class='ocrx_word' id='word_1_62' title='bbox 396 1070 421 1104; x_wconf 93' lang='lat' dir='ltr'>e</span> <span class='ocrx_word' id='word_1_63' title='bbox 442 1070 474 1105; x_wconf 87' lang='lat' dir='ltr'>a</span> <span class='ocrx_word' id='word_1_64' title='bbox 492 1070 546 1105; x_wconf 91' lang='lat' dir='ltr'>m</span> <span class='ocrx_word' id='word_1_65' title='bbox 589 1070 619 1105; x_wconf 90' lang='lat' dir='ltr'>a</span> <span class='ocrx_word' id='word_1_66' title='bbox 639 1070 692 1104; x_wconf 91' lang='grc'>111</span> <span class='ocrx_word' id='word_1_67' title='bbox 713 1070 744 1105; x_wconf 91' lang='lat' dir='ltr'>a</span> <span class='ocrx_word' id='word_1_68' title='bbox 763 1057 787 1104; x_wconf 92' lang='lat' dir='ltr'>t</span> <span class='ocrx_word' id='word_1_69' title='bbox 810 1069 837 1105; x_wconf 95' lang='grc'>0</span> <span class='ocrx_word' id='word_1_70' title='bbox 859 1052 973 1104; x_wconf 91' lang='lat' dir='ltr'>rib</span> <span class='ocrx_word' id='word_1_71' title='bbox 995 1069 1029 1103; x_wconf 94' lang='lat' dir='ltr'>u</span> <span class='ocrx_word' id='word_1_72' title='bbox 1050 1068 1072 1104; x_wconf 91' lang='grc'><strong>3</strong></span> <span class='ocrx_word' id='word_1_73' title='bbox 1115 1056 1139 1103; x_wconf 94' lang='lat' dir='ltr'>t</span> <span class='ocrx_word' id='word_1_74' title='bbox 1159 1051 1289 1105; x_wconf 87' lang='lat' dir='ltr'>uis.</span> <span class='ocrx_word' id='word_1_75' title='bbox 1335 1068 1459 1103; x_wconf 90' lang='lat' dir='ltr'>nam</span> <span class='ocrx_word' id='word_1_76' title='bbox 1502 1051 1639 1104; x_wconf 87' lang='lat' dir='ltr'>inter</span> <span class='ocrx_word' id='word_1_77' title='bbox 1683 1056 1854 1104; x_wconf 90' lang='lat' dir='ltr'>cetera</span> <span class='ocrx_word' id='word_1_78' title='bbox 1900 1052 2058 1105; x_wconf 89' lang='lat' dir='ltr'>etiam</span> <span class='ocrx_word' id='word_1_79' title='bbox 2102 1069 2353 1106; x_wconf 88' lang='lat' dir='ltr'>resurrec-</span> 
     </span>
     <span class='ocr_line' id='line_1_10' title="bbox 393 1131 2528 1202; baseline 0 -16"><span class='ocrx_word' id='word_1_80' title='bbox 393 1135 588 1187; x_wconf 88' lang='lat' dir='ltr'>tionem</span> <span class='ocrx_word' id='word_1_81' title='bbox 624 1151 654 1186; x_wconf 92' lang='lat' dir='ltr'>a</span> <span class='ocrx_word' id='word_1_82' title='bbox 688 1134 921 1198; x_wconf 78' lang='lat' dir='ltr'>mortuiS,</span> <span class='ocrx_word' id='word_1_83' title='bbox 961 1149 1093 1202; x_wconf 89' lang='lat' dir='ltr'>quac</span> <span class='ocrx_word' id='word_1_84' title='bbox 1127 1148 1242 1201; x_wconf 92' lang='lat' dir='ltr'>spes</span> <span class='ocrx_word' id='word_1_85' title='bbox 1277 1131 1458 1185; x_wconf 88' lang='lat' dir='ltr'>salutis</span> <span class='ocrx_word' id='word_1_86' title='bbox 1494 1138 1702 1186; x_wconf 89' lang='lat' dir='ltr'>nostrae</span> <span class='ocrx_word' id='word_1_87' title='bbox 1737 1137 1830 1197; x_wconf 81' lang='lat' dir='ltr'>est,</span> <span class='ocrx_word' id='word_1_88' title='bbox 1867 1132 1944 1186; x_wconf 91' lang='lat' dir='ltr'>ita</span> <span class='ocrx_word' id='word_1_89' title='bbox 1979 1134 2264 1202; x_wconf 85' lang='lat' dir='ltr'>corrumpit</span> <span class='ocrx_word' id='word_1_90' title='bbox 2299 1139 2353 1188; x_wconf 90' lang='lat' dir='ltr'>et</span> <span class='ocrx_word' id='word_1_91' title='bbox 2488 1191 2490 1194; x_wconf 68' lang='grc'><strong>,</strong></span> <span class='ocrx_word' id='word_1_92' title='bbox 2526 1192 2528 1202; x_wconf 39' lang='grc'>,</span> 
     </span>
     <span class='ocr_line' id='line_1_11' title="bbox 394 1215 2438 1283; baseline 0 -15"><span class='ocrx_word' id='word_1_93' title='bbox 394 1215 570 1279; x_wconf 91' lang='lat' dir='ltr'>uiolat,</span> <span class='ocrx_word' id='word_1_94' title='bbox 600 1220 659 1268; x_wconf 92' lang='lat' dir='ltr'>ut</span> <span class='ocrx_word' id='word_1_95' title='bbox 686 1216 878 1268; x_wconf 85' lang='lat' dir='ltr'>audeat</span> <span class='ocrx_word' id='word_1_96' title='bbox 904 1215 1070 1267; x_wconf 87' lang='lat' dir='ltr'>dicere</span> <span class='ocrx_word' id='word_1_97' title='bbox 1097 1230 1312 1282; x_wconf 87' lang='lat' dir='ltr'>corpora</span> <span class='ocrx_word' id='word_1_98' title='bbox 1336 1218 1515 1270; x_wconf 88' lang='lat' dir='ltr'>nostra</span> <span class='ocrx_word' id='word_1_99' title='bbox 1539 1230 1744 1267; x_wconf 91' lang='lat' dir='ltr'>rursum</span> <span class='ocrx_word' id='word_1_100' title='bbox 1770 1215 2088 1283; x_wconf 90' lang='lat' dir='ltr'>corruptioni</span> <span class='ocrx_word' id='word_1_101' title='bbox 2115 1220 2166 1267; x_wconf 92' lang='lat' dir='ltr'>et</span> <span class='ocrx_word' id='word_1_102' title='bbox 2193 1215 2350 1270; x_wconf 88' lang='lat' dir='ltr'>morti</span> <span class='ocrx_word' id='word_1_103' title='bbox 2386 1230 2438 1268; x_wconf 88' lang='grc'>10</span> 
     </span>
     <span class='ocr_line' id='line_1_12' title="bbox 394 1295 2350 1365; baseline 0.001 -16"><span class='ocrx_word' id='word_1_104' title='bbox 394 1297 713 1352; x_wconf 84' lang='lat' dir='ltr'>subiacentia</span> <span class='ocrx_word' id='word_1_105' title='bbox 747 1296 998 1350; x_wconf 85' lang='lat' dir='ltr'>suscitari.</span> <span class='ocrx_word' id='word_1_106' title='bbox 1037 1295 1289 1365; x_wconf 89' lang='lat' dir='ltr'>responde</span> <span class='ocrx_word' id='word_1_107' title='bbox 1323 1296 1467 1360; x_wconf 91' lang='lat' dir='ltr'>mihi,</span> <span class='ocrx_word' id='word_1_108' title='bbox 1507 1312 1536 1348; x_wconf 96' lang='grc'>0</span> <span class='ocrx_word' id='word_1_109' title='bbox 1571 1295 1839 1364; x_wconf 87' lang='lat' dir='ltr'>inpietatis</span> <span class='ocrx_word' id='word_1_110' title='bbox 1875 1301 2049 1364; x_wconf 89' lang='lat' dir='ltr'>caput,</span> <span class='ocrx_word' id='word_1_111' title='bbox 2090 1297 2350 1365; x_wconf 91' lang='lat' dir='ltr'>quomodo</span> 
     </span>
     <span class='ocr_line' id='line_1_13' title="bbox 391 1374 2352 1446; baseline 0.001 -17"><span class='ocrx_word' id='word_1_112' title='bbox 391 1379 540 1431; x_wconf 81' lang='lat' dir='ltr'>iuxta</span> <span class='ocrx_word' id='word_1_113' title='bbox 566 1378 859 1446; x_wconf 88' lang='lat' dir='ltr'>apostolum</span> <span class='ocrx_word' id='word_1_114' title='bbox 887 1377 1108 1430; x_wconf 91' lang='lat' dir='ltr'>Paulum</span> <span class='ocrx_word' id='word_1_115' title='bbox 1135 1377 1316 1430; x_wconf 90' lang='lat' dir='ltr'>uicerit</span> <span class='ocrx_word' id='word_1_116' title='bbox 1344 1377 1573 1431; x_wconf 85' lang='lat' dir='ltr'>Christus</span> <span class='ocrx_word' id='word_1_117' title='bbox 1615 1374 1749 1441; x_wconf 88' lang='lat' dir='ltr'>eum,</span> <span class='ocrx_word' id='word_1_118' title='bbox 1798 1377 1888 1446; x_wconf 90' lang='lat' dir='ltr'>qui</span> <span class='ocrx_word' id='word_1_119' title='bbox 1913 1377 2095 1433; x_wconf 83' lang='lat' dir='ltr'>mortis</span> <span class='ocrx_word' id='word_1_120' title='bbox 2122 1377 2352 1431; x_wconf 90' lang='lat' dir='ltr'>habebat</span> 
     </span>
     <span class='ocr_line' id='line_1_14' title="bbox 388 1458 2352 1527; baseline 0.001 -16"><span class='ocrx_word' id='word_1_121' title='bbox 388 1460 676 1527; x_wconf 87' lang='lat' dir='ltr'>imperium,</span> <span class='ocrx_word' id='word_1_122' title='bbox 721 1461 818 1512; x_wconf 90' lang='lat' dir='ltr'>hoe</span> <span class='ocrx_word' id='word_1_123' title='bbox 860 1463 938 1512; x_wconf 88' lang='lat' dir='ltr'>est</span> <span class='ocrx_word' id='word_1_124' title='bbox 979 1458 1260 1523; x_wconf 91' lang='lat' dir='ltr'>diabolum,</span> <span class='ocrx_word' id='word_1_125' title='bbox 1305 1459 1348 1511; x_wconf 91' lang='lat' dir='ltr'>si</span> <span class='ocrx_word' id='word_1_126' title='bbox 1389 1458 1744 1527; x_wconf 89' lang='lat' dir='ltr'>corruptibilia</span> <span class='ocrx_word' id='word_1_127' title='bbox 1785 1463 1838 1514; x_wconf 86' lang='lat' dir='ltr'>et</span> <span class='ocrx_word' id='word_1_128' title='bbox 1877 1458 2121 1514; x_wconf 86' lang='lat' dir='ltr'>mortalia</span> <span class='ocrx_word' id='word_1_129' title='bbox 2159 1459 2352 1512; x_wconf 91' lang='lat' dir='ltr'>iterum</span> 
     </span>
     <span class='ocr_line' id='line_1_15' title="bbox 392 1540 2350 1610; baseline 0.002 -18"><span class='ocrx_word' id='word_1_130' title='bbox 392 1558 606 1610; x_wconf 90' lang='lat' dir='ltr'>corpora</span> <span class='ocrx_word' id='word_1_131' title='bbox 633 1546 926 1594; x_wconf 89' lang='lat' dir='ltr'>surrectura</span> <span class='ocrx_word' id='word_1_132' title='bbox 952 1540 1114 1594; x_wconf 84' lang='lat' dir='ltr'>sunt?</span> <span class='ocrx_word' id='word_1_133' title='bbox 1146 1541 1272 1610; x_wconf 90' lang='lat' dir='ltr'>quid</span> <span class='ocrx_word' id='word_1_134' title='bbox 1300 1540 1450 1593; x_wconf 92' lang='lat' dir='ltr'>nobis</span> <span class='ocrx_word' id='word_1_135' title='bbox 1477 1540 1676 1609; x_wconf 82' lang='lat' dir='ltr'>profuit</span> <span class='ocrx_word' id='word_1_136' title='bbox 1705 1540 1893 1594; x_wconf 85' lang='lat' dir='ltr'>Christi</span> <span class='ocrx_word' id='word_1_137' title='bbox 1920 1540 2109 1610; x_wconf 86' lang='lat' dir='ltr'>passio,</span> <span class='ocrx_word' id='word_1_138' title='bbox 2141 1540 2185 1593; x_wconf 90' lang='lat' dir='ltr'>si</span> <span class='ocrx_word' id='word_1_139' title='bbox 2211 1557 2350 1596; x_wconf 87' lang='lat' dir='ltr'>mors</span> 
     </span>
     <span class='ocr_line' id='line_1_16' title="bbox 391 1621 2434 1691; baseline -0 -16"><span class='ocrx_word' id='word_1_140' title='bbox 391 1628 548 1691; x_wconf 90' lang='lat' dir='ltr'>atque</span> <span class='ocrx_word' id='word_1_141' title='bbox 577 1623 835 1691; x_wconf 89' lang='lat' dir='ltr'>corruptio</span> <span class='ocrx_word' id='word_1_142' title='bbox 864 1623 1032 1675; x_wconf 91' lang='lat' dir='ltr'>denuo</span> <span class='ocrx_word' id='word_1_143' title='bbox 1061 1627 1240 1675; x_wconf 87' lang='lat' dir='ltr'>nostra</span> <span class='ocrx_word' id='word_1_144' title='bbox 1267 1637 1481 1691; x_wconf 89' lang='lat' dir='ltr'>corpora</span> <span class='ocrx_word' id='word_1_145' title='bbox 1506 1638 1803 1690; x_wconf 88' lang='lat' dir='ltr'>possessura</span> <span class='ocrx_word' id='word_1_146' title='bbox 1830 1621 1946 1674; x_wconf 83' lang='lat' dir='ltr'>est?</span> <span class='ocrx_word' id='word_1_147' title='bbox 1976 1627 2069 1676; x_wconf 91' lang='lat' dir='ltr'>aut</span> <span class='ocrx_word' id='word_1_148' title='bbox 2098 1621 2224 1690; x_wconf 92' lang='lat' dir='ltr'>quid</span> <span class='ocrx_word' id='word_1_149' title='bbox 2250 1622 2349 1675; x_wconf 88' lang='lat' dir='ltr'>sibi</span> <span class='ocrx_word' id='word_1_150' title='bbox 2386 1636 2434 1674; x_wconf 82' lang='lat'>15</span> 
     </span>
     <span class='ocr_line' id='line_1_17' title="bbox 390 1703 2350 1772; baseline 0 -16"><span class='ocrx_word' id='word_1_151' title='bbox 390 1704 504 1757; x_wconf 90' lang='lat' dir='ltr'>uult</span> <span class='ocrx_word' id='word_1_152' title='bbox 528 1750 529 1758; x_wconf 72' lang='grc'>,</span> <span class='ocrx_word' id='word_1_153' title='bbox 557 1704 822 1772; x_wconf 89' lang='lat' dir='ltr'>apostolus</span> <span class='ocrx_word' id='word_1_154' title='bbox 877 1704 1126 1757; x_wconf 89' lang='lat' dir='ltr'>scribens:</span> <span class='ocrx_word' id='word_1_155' title='bbox 1182 1704 1240 1756; x_wconf 88' lang='lat' dir='ltr'>si</span> <span class='ocrx_word' id='word_1_156' title='bbox 1265 1709 1391 1756; x_wconf 92' lang='lat' dir='ltr'>cut</span> <span class='ocrx_word' id='word_1_157' title='bbox 1446 1703 1638 1756; x_wconf 92' lang='lat' dir='ltr'>enim</span> <span class='ocrx_word' id='word_1_158' title='bbox 1692 1703 1763 1756; x_wconf 90' lang='lat' dir='ltr'>in</span> <span class='ocrx_word' id='word_1_159' title='bbox 1818 1703 2044 1756; x_wconf 90' lang='lat' dir='ltr'>Adam</span> <span class='ocrx_word' id='word_1_160' title='bbox 2100 1719 2350 1756; x_wconf 85' lang='lat' dir='ltr'>omnes</span> 
     </span>
     <span class='ocr_line' id='line_1_18' title="bbox 388 1783 2350 1850; baseline 0 -12"><span class='ocrx_word' id='word_1_161' title='bbox 388 1786 842 1850; x_wconf 89' lang='lat' dir='ltr'>moriuntur,</span> <span class='ocrx_word' id='word_1_162' title='bbox 923 1786 1037 1839; x_wconf 89' lang='lat' dir='ltr'>ita</span> <span class='ocrx_word' id='word_1_163' title='bbox 1113 1785 1186 1838; x_wconf 89' lang='lat' dir='ltr'>in</span> <span class='ocrx_word' id='word_1_164' title='bbox 1267 1784 1577 1838; x_wconf 87' lang='lat' dir='ltr'>Christo</span> <span class='ocrx_word' id='word_1_165' title='bbox 1659 1800 1909 1838; x_wconf 92' lang='lat' dir='ltr'>omnes</span> <span class='ocrx_word' id='word_1_166' title='bbox 1988 1783 2350 1838; x_wconf 87' lang='lat' dir='ltr'>uiuifica-</span> 
     </span>
     <span class='ocr_line' id='line_1_19' title="bbox 391 1865 2379 1936; baseline 0 -17"><span class='ocrx_word' id='word_1_167' title='bbox 391 1867 422 1919; x_wconf 95' lang='lat' dir='ltr'>b</span> <span class='ocrx_word' id='word_1_168' title='bbox 444 1885 477 1919; x_wconf 93' lang='lat' dir='ltr'>u</span> <span class='ocrx_word' id='word_1_169' title='bbox 498 1884 532 1919; x_wconf 94' lang='lat' dir='ltr'>n</span> <span class='ocrx_word' id='word_1_170' title='bbox 553 1872 578 1919; x_wconf 92' lang='lat' dir='ltr'>t</span> <span class='ocrx_word' id='word_1_171' title='bbox 598 1885 631 1920; x_wconf 93' lang='lat' dir='ltr'>u</span> <span class='ocrx_word' id='word_1_172' title='bbox 652 1883 691 1932; x_wconf 91' lang='lat' dir='ltr'>r,</span> <span class='ocrx_word' id='word_1_173' title='bbox 720 1867 764 1920; x_wconf 88' lang='lat' dir='ltr'>si</span> <span class='ocrx_word' id='word_1_174' title='bbox 786 1866 1170 1936; x_wconf 88' lang='lat' dir='ltr'>resurgentibus</span> <span class='ocrx_word' id='word_1_175' title='bbox 1195 1883 1342 1920; x_wconf 69' lang='lat' dir='ltr'>mors,</span> <span class='ocrx_word' id='word_1_176' title='bbox 1359 1883 1515 1920; x_wconf 89' lang='lat' dir='ltr'>saeua</span> <span class='ocrx_word' id='word_1_177' title='bbox 1540 1865 1932 1919; x_wconf 84' lang='lat' dir='ltr'>dominabitur?</span> <span class='ocrx_word' id='word_1_178' title='bbox 1961 1865 2044 1918; x_wconf 93' lang='lat' dir='ltr'>uel</span> <span class='ocrx_word' id='word_1_179' title='bbox 2069 1866 2346 1934; x_wconf 91' lang='lat' dir='ltr'>quomod0‚</span> <span class='ocrx_word' id='word_1_180' title='bbox 2374 1920 2379 1928; x_wconf 20' lang='grc' dir='ltr'><em>ὁ</em></span> 
     </span>
     <span class='ocr_line' id='line_1_20' title="bbox 389 1947 2350 2017; baseline -0.001 -16"><span class='ocrx_word' id='word_1_181' title='bbox 389 1949 478 2017; x_wconf 91' lang='lat' dir='ltr'>qui</span> <span class='ocrx_word' id='word_1_182' title='bbox 533 1949 635 2001; x_wconf 89' lang='lat' dir='ltr'>ista</span> <span class='ocrx_word' id='word_1_183' title='bbox 691 1949 924 2013; x_wconf 90' lang='lat' dir='ltr'>credunt,</span> <span class='ocrx_word' id='word_1_184' title='bbox 981 1948 1183 2017; x_wconf 88' lang='lat' dir='ltr'>possint</span> <span class='ocrx_word' id='word_1_185' title='bbox 1238 1965 1303 2001; x_wconf 88' lang='lat' dir='ltr'>ex</span> <span class='ocrx_word' id='word_1_186' title='bbox 1357 1948 1530 2001; x_wconf 90' lang='lat' dir='ltr'>animo</span> <span class='ocrx_word' id='word_1_187' title='bbox 1586 1947 1776 2000; x_wconf 87' lang='lat' dir='ltr'>dicere:</span> <span class='ocrx_word' id='word_1_188' title='bbox 1835 1947 1927 2000; x_wconf 82' lang='lat' dir='ltr'>Ch</span> <span class='ocrx_word' id='word_1_189' title='bbox 1947 1947 2051 2000; x_wconf 91' lang='lat' dir='ltr'>ris</span> <span class='ocrx_word' id='word_1_190' title='bbox 2072 1952 2151 2000; x_wconf 92' lang='lat' dir='ltr'>tu</span> <span class='ocrx_word' id='word_1_191' title='bbox 2171 1963 2196 2000; x_wconf 95' lang='lat' dir='ltr'>s</span> <span class='ocrx_word' id='word_1_192' title='bbox 2224 1947 2265 1999; x_wconf 56' lang='lat' dir='ltr'>&gt;d</span> <span class='ocrx_word' id='word_1_193' title='bbox 2285 1947 2350 2000; x_wconf 92' lang='lat' dir='ltr'>ei</span> 
     </span>
     <span class='ocr_line' id='line_1_21' title="bbox 389 2028 2518 2099; baseline -0.001 -17"><span class='ocrx_word' id='word_1_194' title='bbox 389 2030 645 2083; x_wconf 89' lang='lat' dir='ltr'>uirtus</span> <span class='ocrx_word' id='word_1_195' title='bbox 681 2035 751 2082; x_wconf 91' lang='lat' dir='ltr'>et</span> <span class='ocrx_word' id='word_1_196' title='bbox 798 2030 918 2082; x_wconf 90' lang='lat' dir='ltr'>dei</span> <span class='ocrx_word' id='word_1_197' title='bbox 953 2029 1368 2099; x_wconf 89' lang='lat' dir='ltr'>sapientia,</span> <span class='ocrx_word' id='word_1_198' title='bbox 1415 2029 1647 2082; x_wconf 91' lang='lat' dir='ltr'>uolentes</span> <span class='ocrx_word' id='word_1_199' title='bbox 1677 2029 1764 2082; x_wconf 90' lang='lat' dir='ltr'>illo</span> <span class='ocrx_word' id='word_1_200' title='bbox 1793 2028 2188 2082; x_wconf 84' lang='lat' dir='ltr'>fortioremesse</span> <span class='ocrx_word' id='word_1_201' title='bbox 2211 2045 2346 2082; x_wconf 87' lang='lat' dir='ltr'>mor-</span> <span class='ocrx_word' id='word_1_202' title='bbox 2381 2043 2434 2080; x_wconf 89' lang='grc'><strong>20</strong></span> <span class='ocrx_word' id='word_1_203' title='bbox 2476 2035 2518 2099; x_wconf 38' lang='grc' dir='ltr'>ᾗ.</span> 
     </span>
     <span class='ocr_line' id='line_1_22' title="bbox 388 2109 2347 2180; baseline 0.001 -17"><span class='ocrx_word' id='word_1_204' title='bbox 388 2117 510 2176; x_wconf 92' lang='lat' dir='ltr'>tem,</span> <span class='ocrx_word' id='word_1_205' title='bbox 537 2128 668 2180; x_wconf 90' lang='lat' dir='ltr'>quae</span> <span class='ocrx_word' id='word_1_206' title='bbox 689 2112 941 2165; x_wconf 91' lang='lat' dir='ltr'>suscitata</span> <span class='ocrx_word' id='word_1_207' title='bbox 962 2111 1028 2164; x_wconf 89' lang='lat' dir='ltr'>ab</span> <span class='ocrx_word' id='word_1_208' title='bbox 1051 2128 1109 2165; x_wconf 91' lang='lat' dir='ltr'>eo</span> <span class='ocrx_word' id='word_1_209' title='bbox 1132 2126 1346 2180; x_wconf 89' lang='lat' dir='ltr'>corpora</span> <span class='ocrx_word' id='word_1_210' title='bbox 1366 2110 1599 2164; x_wconf 92' lang='lat' dir='ltr'>deletura</span> <span class='ocrx_word' id='word_1_211' title='bbox 1627 2115 1705 2163; x_wconf 89' lang='lat' dir='ltr'>est</span> <span class='ocrx_word' id='word_1_212' title='bbox 1731 2126 1825 2163; x_wconf 88' lang='lat' dir='ltr'>nec</span> <span class='ocrx_word' id='word_1_213' title='bbox 1851 2109 2101 2178; x_wconf 83' lang='lat' dir='ltr'>probetur</span> <span class='ocrx_word' id='word_1_214' title='bbox 2121 2126 2186 2162; x_wconf 83' lang='lat' dir='ltr'>ex</span> <span class='ocrx_word' id='word_1_215' title='bbox 2206 2110 2347 2164; x_wconf 90' lang='lat' dir='ltr'>omni</span> 
     </span>
     <span class='ocr_line' id='line_1_23' title="bbox 332 2190 2344 2262; baseline 0 -17"><span class='ocrx_word' id='word_1_216' title='bbox 332 2208 339 2238; x_wconf 88' lang='lat'>:</span> <span class='ocrx_word' id='word_1_217' title='bbox 389 2198 537 2260; x_wconf 85' lang='lat' dir='ltr'>parte</span> <span class='ocrx_word' id='word_1_218' title='bbox 562 2193 842 2262; x_wconf 83' lang='lat' dir='ltr'>superata?</span> <span class='ocrx_word' id='word_1_219' title='bbox 866 2209 1046 2246; x_wconf 91' lang='lat' dir='ltr'>uerum</span> <span class='ocrx_word' id='word_1_220' title='bbox 1069 2197 1121 2249; x_wconf 86' lang='lat' dir='ltr'>et</span> <span class='ocrx_word' id='word_1_221' title='bbox 1143 2192 1415 2262; x_wconf 85' lang='lat' dir='ltr'>Origenem</span> <span class='ocrx_word' id='word_1_222' title='bbox 1437 2197 1551 2248; x_wconf 89' lang='lat' dir='ltr'>tam</span> <span class='ocrx_word' id='word_1_223' title='bbox 1574 2192 1713 2260; x_wconf 91' lang='lat' dir='ltr'>inpie</span> <span class='ocrx_word' id='word_1_224' title='bbox 1743 2191 2070 2246; x_wconf 81' lang='lat' dir='ltr'>resistentem</span> <span class='ocrx_word' id='word_1_225' title='bbox 2096 2190 2344 2256; x_wconf 64' lang='grc'><strong>0111131113,</strong></span> 
     </span>
     <span class='ocr_line' id='line_1_24' title="bbox 387 2272 2345 2342; baseline -0.001 -16"><span class='ocrx_word' id='word_1_226' title='bbox 387 2275 624 2327; x_wconf 89' lang='lat' dir='ltr'>dominus</span> <span class='ocrx_word' id='word_1_227' title='bbox 644 2279 833 2339; x_wconf 84' lang='lat' dir='ltr'>noster,</span> <span class='ocrx_word' id='word_1_228' title='bbox 859 2280 911 2328; x_wconf 89' lang='lat' dir='ltr'>et</span> <span class='ocrx_word' id='word_1_229' title='bbox 935 2280 1156 2328; x_wconf 90' lang='lat' dir='ltr'>mortem</span> <span class='ocrx_word' id='word_1_230' title='bbox 1179 2274 1304 2327; x_wconf 90' lang='lat' dir='ltr'>uicit</span> <span class='ocrx_word' id='word_1_231' title='bbox 1325 2278 1377 2327; x_wconf 90' lang='lat' dir='ltr'>et</span> <span class='ocrx_word' id='word_1_232' title='bbox 1398 2273 1679 2338; x_wconf 90' lang='lat' dir='ltr'>diabolum,</span> <span class='ocrx_word' id='word_1_233' title='bbox 1697 2273 1787 2342; x_wconf 91' lang='lat' dir='ltr'>qui</span> <span class='ocrx_word' id='word_1_234' title='bbox 1797 2272 2028 2326; x_wconf 89' lang='lat' dir='ltr'>habebat</span> <span class='ocrx_word' id='word_1_235' title='bbox 2047 2272 2229 2326; x_wconf 89' lang='lat' dir='ltr'>mortis</span> <span class='ocrx_word' id='word_1_236' title='bbox 2249 2272 2345 2325; x_wconf 91' lang='lat' dir='ltr'>im-</span> 
     </span>
     <span class='ocr_line' id='line_1_25' title="bbox 388 2353 2512 2424; baseline 0 -16"><span class='ocrx_word' id='word_1_237' title='bbox 388 2356 601 2424; x_wconf 87' lang='lat' dir='ltr'>perium,</span> <span class='ocrx_word' id='word_1_238' title='bbox 631 2373 725 2409; x_wconf 90' lang='lat' dir='ltr'>sua</span> <span class='ocrx_word' id='word_1_239' title='bbox 751 2357 946 2410; x_wconf 89' lang='lat' dir='ltr'>uirtute</span> <span class='ocrx_word' id='word_1_240' title='bbox 974 2356 1231 2409; x_wconf 82' lang='lat' dir='ltr'>destruxit</span> <span class='ocrx_word' id='word_1_241' title='bbox 1258 2361 1442 2424; x_wconf 88' lang='lat' dir='ltr'>parato</span> <span class='ocrx_word' id='word_1_242' title='bbox 1470 2355 1618 2408; x_wconf 91' lang='lat' dir='ltr'>nobis</span> <span class='ocrx_word' id='word_1_243' title='bbox 1644 2355 1699 2408; x_wconf 91' lang='lat' dir='ltr'>in</span> <span class='ocrx_word' id='word_1_244' title='bbox 1727 2354 1865 2408; x_wconf 90' lang='lat' dir='ltr'>caelo</span> <span class='ocrx_word' id='word_1_245' title='bbox 1894 2353 2230 2408; x_wconf 89' lang='lat' dir='ltr'>uictoriarum</span> <span class='ocrx_word' id='word_1_246' title='bbox 2256 2370 2340 2408; x_wconf 87' lang='lat' dir='ltr'>su·</span> <span class='ocrx_word' id='word_1_247' title='bbox 2510 2410 2512 2415; x_wconf 69' lang='grc'>,</span> 
     </span>
     <span class='ocr_line' id='line_1_26' title="bbox 387 2435 2510 2509; baseline -0.001 -20"><span class='ocrx_word' id='word_1_248' title='bbox 387 2453 533 2489; x_wconf 90' lang='lat' dir='ltr'>arum</span> <span class='ocrx_word' id='word_1_249' title='bbox 546 2438 826 2506; x_wconf 90' lang='lat' dir='ltr'>triumpho.</span> <span class='ocrx_word' id='word_1_250' title='bbox 843 2455 936 2490; x_wconf 94' lang='lat' dir='ltr'>nec</span> <span class='ocrx_word' id='word_1_251' title='bbox 949 2438 1137 2491; x_wconf 90' lang='lat' dir='ltr'>idcirco</span> <span class='ocrx_word' id='word_1_252' title='bbox 1153 2453 1366 2506; x_wconf 91' lang='lat' dir='ltr'>corpora</span> <span class='ocrx_word' id='word_1_253' title='bbox 1380 2436 1667 2501; x_wconf 89' lang='lat' dir='ltr'>suscitauit‚</span> <span class='ocrx_word' id='word_1_254' title='bbox 1684 2441 1743 2489; x_wconf 93' lang='lat' dir='ltr'>ut</span> <span class='ocrx_word' id='word_1_255' title='bbox 1767 2452 1971 2488; x_wconf 91' lang='lat' dir='ltr'>rursum</span> <span class='ocrx_word' id='word_1_256' title='bbox 1991 2435 2233 2504; x_wconf 92' lang='lat' dir='ltr'>perirent,</span> <span class='ocrx_word' id='word_1_257' title='bbox 2257 2435 2346 2488; x_wconf 91' lang='lat' dir='ltr'>sed</span> <span class='ocrx_word' id='word_1_258' title='bbox 2378 2451 2429 2487; x_wconf 80' lang='lat'>25</span> <span class='ocrx_word' id='word_1_259' title='bbox 2508 2456 2510 2509; x_wconf 63' lang='lat' dir='ltr'>j</span> 
     </span>
     <span class='ocr_line' id='line_1_27' title="bbox 387 2516 2338 2588; baseline -0.001 -18"><span class='ocrx_word' id='word_1_260' title='bbox 387 2519 591 2571; x_wconf 90' lang='lat' dir='ltr'>illorum</span> <span class='ocrx_word' id='word_1_261' title='bbox 628 2520 1012 2588; x_wconf 91' lang='lat' dir='ltr'>incorruptione</span> <span class='ocrx_word' id='word_1_262' title='bbox 1049 2524 1301 2588; x_wconf 90' lang='lat' dir='ltr'>perpetua</span> <span class='ocrx_word' id='word_1_263' title='bbox 1349 2524 1573 2571; x_wconf 86' lang='lat' dir='ltr'>mortem</span> <span class='ocrx_word' id='word_1_264' title='bbox 1611 2517 2096 2586; x_wconf 90' lang='lat' dir='ltr'>corruptionemque</span> <span class='ocrx_word' id='word_1_265' title='bbox 2131 2516 2338 2569; x_wconf 90' lang='lat' dir='ltr'>deleuit.</span> 
     </span>
     <span class='ocr_line' id='line_1_28' title="bbox 520 2597 2343 2668; baseline -0.001 -16"><span class='ocrx_word' id='word_1_266' title='bbox 520 2602 596 2652; x_wconf 82' lang='grc'>14.</span> <span class='ocrx_word' id='word_1_267' title='bbox 644 2601 794 2653; x_wconf 91' lang='lat' dir='ltr'>Unde</span> <span class='ocrx_word' id='word_1_268' title='bbox 837 2601 1041 2654; x_wconf 90' lang='lat' dir='ltr'>liberati</span> <span class='ocrx_word' id='word_1_269' title='bbox 1083 2618 1115 2654; x_wconf 93' lang='lat' dir='ltr'>a</span> <span class='ocrx_word' id='word_1_270' title='bbox 1157 2601 1358 2653; x_wconf 90' lang='lat' dir='ltr'>cunctis</span> <span class='ocrx_word' id='word_1_271' title='bbox 1398 2599 1547 2653; x_wconf 87' lang='lat' dir='ltr'>malis</span> <span class='ocrx_word' id='word_1_272' title='bbox 1589 2598 1839 2668; x_wconf 88' lang='lat' dir='ltr'>passionis</span> <span class='ocrx_word' id='word_1_273' title='bbox 1883 2598 2171 2651; x_wconf 83' lang='lat' dir='ltr'>dominicae</span> <span class='ocrx_word' id='word_1_274' title='bbox 2208 2597 2343 2651; x_wconf 80' lang='lat' dir='ltr'>festa</span> 
     </span>
     <span class='ocr_line' id='line_1_29' title="bbox 387 2679 2343 2751; baseline 0 -19"><span class='ocrx_word' id='word_1_275' title='bbox 387 2681 697 2734; x_wconf 90' lang='lat' dir='ltr'>celebremus</span> <span class='ocrx_word' id='word_1_276' title='bbox 745 2688 796 2734; x_wconf 92' lang='lat' dir='ltr'>et</span> <span class='ocrx_word' id='word_1_277' title='bbox 842 2683 991 2736; x_wconf 85' lang='lat' dir='ltr'>iuxta</span> <span class='ocrx_word' id='word_1_278' title='bbox 1046 2682 1298 2751; x_wconf 87' lang='lat' dir='ltr'>euangelii</span> <span class='ocrx_word' id='word_1_279' title='bbox 1353 2681 1656 2750; x_wconf 88' lang='lat' dir='ltr'>parabolam</span> <span class='ocrx_word' id='word_1_280' title='bbox 1703 2684 1965 2733; x_wconf 87' lang='lat' dir='ltr'>cernentes</span> <span class='ocrx_word' id='word_1_281' title='bbox 2012 2696 2044 2732; x_wconf 91' lang='lat' dir='ltr'>a</span> <span class='ocrx_word' id='word_1_282' title='bbox 2089 2679 2343 2748; x_wconf 89' lang='lat' dir='ltr'>sapientia</span> 
     </span>
     <span class='ocr_line' id='line_1_30' title="bbox 383 2761 2335 2830; baseline 0.001 -17"><span class='ocrx_word' id='word_1_283' title='bbox 383 2762 639 2815; x_wconf 86' lang='lat' dir='ltr'>immolari</span> <span class='ocrx_word' id='word_1_284' title='bbox 666 2768 841 2816; x_wconf 90' lang='lat' dir='ltr'>tauros</span> <span class='ocrx_word' id='word_1_285' title='bbox 872 2769 924 2816; x_wconf 91' lang='lat' dir='ltr'>et</span> <span class='ocrx_word' id='word_1_286' title='bbox 953 2764 1116 2817; x_wconf 90' lang='lat' dir='ltr'>altilia</span> <span class='ocrx_word' id='word_1_287' title='bbox 1143 2779 1414 2817; x_wconf 89' lang='lat' dir='ltr'>uescamur</span> <span class='ocrx_word' id='word_1_288' title='bbox 1440 2762 1737 2816; x_wconf 84' lang='lat' dir='ltr'>fortioribus</span> <span class='ocrx_word' id='word_1_289' title='bbox 1765 2761 2031 2830; x_wconf 91' lang='lat' dir='ltr'>plenisque</span> <span class='ocrx_word' id='word_1_290' title='bbox 2059 2775 2335 2814; x_wconf 91' lang='lat' dir='ltr'>neruorum</span> 
     </span>
    </p>
   </div>
   <div class='ocr_carea' id='block_1_3' title="bbox 388 2877 2337 3016">
    <p class='ocr_par' dir='ltr' id='par_1_3' title="bbox 388 2877 2337 3016">
     <span class='ocr_line' id='line_1_31' title="bbox 500 2877 2337 2942; baseline 0 -12"><span class='ocrx_word' id='word_1_291' title='bbox 500 2889 524 2930; x_wconf 83' lang='lat'><strong>7</strong></span> <span class='ocrx_word' id='word_1_292' title='bbox 545 2887 729 2932; x_wconf 64' lang='lat' dir='ltr'>*Ezecu</span> <span class='ocrx_word' id='word_1_293' title='bbox 751 2889 817 2941; x_wconf 82' lang='lat'>16,</span> <span class='ocrx_word' id='word_1_294' title='bbox 836 2889 892 2933; x_wconf 87' lang='lat'>36</span> <span class='ocrx_word' id='word_1_295' title='bbox 977 2889 1028 2932; x_wconf 86' lang='lat'>12</span> <span class='ocrx_word' id='word_1_296' title='bbox 1050 2889 1104 2933; x_wconf 74' lang='lat' dir='ltr'>cf.</span> <span class='ocrx_word' id='word_1_297' title='bbox 1128 2889 1263 2934; x_wconf 83' lang='lat' dir='ltr'>Hebr.</span> <span class='ocrx_word' id='word_1_298' title='bbox 1285 2889 1322 2942; x_wconf 87' lang='lat'>2,</span> <span class='ocrx_word' id='word_1_299' title='bbox 1346 2889 1398 2932; x_wconf 87' lang='lat'>14</span> <span class='ocrx_word' id='word_1_300' title='bbox 1477 2887 1530 2930; x_wconf 84' lang='lat'>16</span> <span class='ocrx_word' id='word_1_301' title='bbox 1552 2887 1602 2930; x_wconf 84' lang='lat'>*1</span> <span class='ocrx_word' id='word_1_302' title='bbox 1624 2887 1719 2932; x_wconf 79' lang='lat' dir='ltr'>eor.</span> <span class='ocrx_word' id='word_1_303' title='bbox 1742 2886 1806 2940; x_wconf 86' lang='lat'>15,</span> <span class='ocrx_word' id='word_1_304' title='bbox 1830 2886 1883 2929; x_wconf 83' lang='lat'>22</span> <span class='ocrx_word' id='word_1_305' title='bbox 1962 2885 2014 2930; x_wconf 84' lang='lat'>19</span> <span class='ocrx_word' id='word_1_306' title='bbox 2035 2885 2086 2928; x_wconf 89' lang='grc'>*1</span> <span class='ocrx_word' id='word_1_307' title='bbox 2105 2884 2201 2931; x_wconf 80' lang='lat' dir='ltr'>Gor.</span> <span class='ocrx_word' id='word_1_308' title='bbox 2223 2886 2261 2939; x_wconf 94' lang='lat'>1,</span> <span class='ocrx_word' id='word_1_309' title='bbox 2284 2877 2337 2930; x_wconf 83' lang='grc'>24</span> 
     </span>
     <span class='ocr_line' id='line_1_32' title="bbox 388 2961 1842 3016; baseline 0.003 -13"><span class='ocrx_word' id='word_1_310' title='bbox 388 2962 441 3005; x_wconf 88' lang='grc'>23</span> <span class='ocrx_word' id='word_1_311' title='bbox 467 2961 521 3006; x_wconf 77' lang='lat' dir='ltr'>cf.</span> <span class='ocrx_word' id='word_1_312' title='bbox 543 2961 680 3006; x_wconf 84' lang='lat' dir='ltr'>Hebr.</span> <span class='ocrx_word' id='word_1_313' title='bbox 702 2963 739 3015; x_wconf 89' lang='grc'>2,</span> <span class='ocrx_word' id='word_1_314' title='bbox 764 2964 814 3005; x_wconf 87' lang='grc'>14</span> <span class='ocrx_word' id='word_1_315' title='bbox 927 2963 979 3007; x_wconf 88' lang='grc'>28</span> <span class='ocrx_word' id='word_1_316' title='bbox 1000 2963 1054 3007; x_wconf 81' lang='lat' dir='ltr'>cf.</span> <span class='ocrx_word' id='word_1_317' title='bbox 1076 2963 1238 3009; x_wconf 86' lang='lat' dir='ltr'>Matth.</span> <span class='ocrx_word' id='word_1_318' title='bbox 1260 2963 1326 3016; x_wconf 89' lang='grc'>22,</span> <span class='ocrx_word' id='word_1_319' title='bbox 1349 2965 1376 3007; x_wconf 91' lang='grc'>4</span> <span class='ocrx_word' id='word_1_320' title='bbox 1838 2988 1842 2992; x_wconf 89' lang='grc'><em>·</em></span> 
     </span>
    </p>
   </div>
   <div class='ocr_carea' id='block_1_4' title="bbox 388 3035 2486 3625">
    <p class='ocr_par' dir='ltr' id='par_1_4' title="bbox 388 3035 2486 3625">
     <span class='ocr_line' id='line_1_33' title="bbox 499 3035 2335 3105; baseline 0 -13"><span class='ocrx_word' id='word_1_321' title='bbox 499 3051 520 3092; x_wconf 92' lang='grc'>1</span> <span class='ocrx_word' id='word_1_322' title='bbox 543 3049 658 3094; x_wconf 91' lang='lat' dir='ltr'>aliut</span> <span class='ocrx_word' id='word_1_323' title='bbox 673 3049 737 3094; x_wconf 91' lang='lat' dir='ltr'>ibi</span> <span class='ocrx_word' id='word_1_324' title='bbox 756 3064 786 3093; x_wconf 84' lang='lat' dir='ltr'>u</span> <span class='ocrx_word' id='word_1_325' title='bbox 900 3050 1151 3095; x_wconf 89' lang='lat' dir='ltr'>demoniace</span> <span class='ocrx_word' id='word_1_326' title='bbox 1176 3052 1216 3096; x_wconf 91' lang='lat' dir='ltr'><em>U</em></span> <span class='ocrx_word' id='word_1_327' title='bbox 1327 3050 1496 3095; x_wconf 88' lang='lat' dir='ltr'>condic.</span> <span class='ocrx_word' id='word_1_328' title='bbox 1522 3051 1562 3095; x_wconf 92' lang='lat' dir='ltr'><strong><em>U</em></strong></span> <span class='ocrx_word' id='word_1_329' title='bbox 1661 3049 1885 3105; x_wconf 83' lang='lat' dir='ltr'>affinguat</span> <span class='ocrx_word' id='word_1_330' title='bbox 1906 3049 1948 3093; x_wconf 91' lang='lat' dir='ltr'><strong><em>U</em></strong></span> <span class='ocrx_word' id='word_1_331' title='bbox 2059 3047 2086 3091; x_wconf 92' lang='lat'><strong>3</strong></span> <span class='ocrx_word' id='word_1_332' title='bbox 2104 3035 2200 3090; x_wconf 59' lang='grc' dir='ltr'>ἦῆ</span> <span class='ocrx_word' id='word_1_333' title='bbox 2221 3048 2261 3092; x_wconf 91' lang='lat' dir='ltr'><strong><em>U</em></strong></span> <span class='ocrx_word' id='word_1_334' title='bbox 2265 3047 2335 3092; x_wconf 80' lang='lat' dir='ltr'>Vu</span> 
     </span>
     <span class='ocr_line' id='line_1_34' title="bbox 388 3121 2341 3182; baseline 0 -16"><span class='ocrx_word' id='word_1_335' title='bbox 388 3123 413 3166; x_wconf 80' lang='lat'>5</span> <span class='ocrx_word' id='word_1_336' title='bbox 434 3137 477 3167; x_wconf 90' lang='lat' dir='ltr'>se</span> <span class='ocrx_word' id='word_1_337' title='bbox 498 3128 663 3179; x_wconf 89' lang='lat' dir='ltr'>percut.</span> <span class='ocrx_word' id='word_1_338' title='bbox 685 3137 716 3166; x_wconf 82' lang='lat' dir='ltr'>u</span> <span class='ocrx_word' id='word_1_339' title='bbox 782 3124 969 3168; x_wconf 88' lang='lat' dir='ltr'>nitimur</span> <span class='ocrx_word' id='word_1_340' title='bbox 993 3126 1063 3169; x_wconf 79' lang='lat' dir='ltr'>Uu</span> <span class='ocrx_word' id='word_1_341' title='bbox 1130 3124 1248 3182; x_wconf 92' lang='lat' dir='ltr'>uen.]</span> <span class='ocrx_word' id='word_1_342' title='bbox 1261 3137 1432 3169; x_wconf 87' lang='lat' dir='ltr'>uenena</span> <span class='ocrx_word' id='word_1_343' title='bbox 1449 3129 1496 3169; x_wconf 91' lang='lat' dir='ltr'>et</span> <span class='ocrx_word' id='word_1_344' title='bbox 1514 3139 1545 3168; x_wconf 81' lang='lat' dir='ltr'>u</span> <span class='ocrx_word' id='word_1_345' title='bbox 1619 3122 1860 3180; x_wconf 84' lang='lat' dir='ltr'>peccatoris</span> <span class='ocrx_word' id='word_1_346' title='bbox 1881 3123 1921 3167; x_wconf 92' lang='lat' dir='ltr'><em>V</em></span> <span class='ocrx_word' id='word_1_347' title='bbox 1995 3121 2218 3165; x_wconf 86' lang='grc'><strong>6111-23</strong></span> <span class='ocrx_word' id='word_1_348' title='bbox 2231 3121 2341 3166; x_wconf 86' lang='lat' dir='ltr'>uicit</span> 
     </span>
     <span class='ocr_line' id='line_1_35' title="bbox 389 3194 2336 3255; baseline 0 -16"><span class='ocrx_word' id='word_1_349' title='bbox 389 3211 467 3240; x_wconf 82' lang='lat' dir='ltr'>om.</span> <span class='ocrx_word' id='word_1_350' title='bbox 483 3211 512 3239; x_wconf 84' lang='lat' dir='ltr'><em>u</em></span> <span class='ocrx_word' id='word_1_351' title='bbox 570 3199 594 3242; x_wconf 88' lang='lat'>8</span> <span class='ocrx_word' id='word_1_352' title='bbox 607 3197 723 3255; x_wconf 86' lang='lat' dir='ltr'>eam]</span> <span class='ocrx_word' id='word_1_353' title='bbox 736 3198 858 3241; x_wconf 87' lang='lat' dir='ltr'>illam</span> <span class='ocrx_word' id='word_1_354' title='bbox 876 3199 916 3243; x_wconf 90' lang='lat' dir='ltr'><em>U</em></span> <span class='ocrx_word' id='word_1_355' title='bbox 984 3199 1010 3241; x_wconf 87' lang='lat'>9</span> <span class='ocrx_word' id='word_1_356' title='bbox 1022 3197 1066 3255; x_wconf 88' lang='lat' dir='ltr'>a]</span> <span class='ocrx_word' id='word_1_357' title='bbox 1079 3213 1134 3242; x_wconf 87' lang='lat' dir='ltr'>ex</span> <span class='ocrx_word' id='word_1_358' title='bbox 1151 3200 1190 3243; x_wconf 92' lang='lat' dir='ltr'><strong><em>U</em></strong></span> <span class='ocrx_word' id='word_1_359' title='bbox 1246 3213 1342 3255; x_wconf 88' lang='lat' dir='ltr'>spes</span> <span class='ocrx_word' id='word_1_360' title='bbox 1358 3211 1408 3242; x_wconf 70' lang='grc' dir='ltr'>σεε</span> <span class='ocrx_word' id='word_1_361' title='bbox 1418 3212 1493 3255; x_wconf 86' lang='grc' dir='ltr'>3ρο</span> <span class='ocrx_word' id='word_1_362' title='bbox 1511 3200 1549 3242; x_wconf 88' lang='lat' dir='ltr'><em>T</em></span> <span class='ocrx_word' id='word_1_363' title='bbox 1617 3199 1668 3243; x_wconf 88' lang='grc'>10</span> <span class='ocrx_word' id='word_1_364' title='bbox 1688 3194 2050 3253; x_wconf 63' lang='lat' dir='ltr'>rursum-susa]</span> <span class='ocrx_word' id='word_1_365' title='bbox 2070 3195 2336 3240; x_wconf 76' lang='lat' dir='ltr'>suscitatum</span> 
     </span>
     <span class='ocr_line' id='line_1_36' title="bbox 388 3268 2482 3329; baseline -0 -16"><span class='ocrx_word' id='word_1_366' title='bbox 388 3272 565 3327; x_wconf 81' lang='lat' dir='ltr'>quidem</span> <span class='ocrx_word' id='word_1_367' title='bbox 585 3272 652 3325; x_wconf 90' lang='lat' dir='ltr'>iri,</span> <span class='ocrx_word' id='word_1_368' title='bbox 666 3272 742 3316; x_wconf 87' lang='lat' dir='ltr'>sed</span> <span class='ocrx_word' id='word_1_369' title='bbox 760 3272 834 3325; x_wconf 89' lang='lat' dir='ltr'>sic,</span> <span class='ocrx_word' id='word_1_370' title='bbox 857 3277 909 3317; x_wconf 90' lang='lat' dir='ltr'>ut</span> <span class='ocrx_word' id='word_1_371' title='bbox 928 3273 1197 3328; x_wconf 89' lang='lat' dir='ltr'>corruptelae</span> <span class='ocrx_word' id='word_1_372' title='bbox 1217 3286 1365 3316; x_wconf 89' lang='lat' dir='ltr'>rursus</span> <span class='ocrx_word' id='word_1_373' title='bbox 1387 3286 1438 3317; x_wconf 84' lang='lat' dir='ltr'>ac</span> <span class='ocrx_word' id='word_1_374' title='bbox 1449 3272 1585 3317; x_wconf 90' lang='lat' dir='ltr'>morti</span> <span class='ocrx_word' id='word_1_375' title='bbox 1603 3272 1861 3317; x_wconf 88' lang='lat' dir='ltr'>subiaceant</span> <span class='ocrx_word' id='word_1_376' title='bbox 1881 3285 1906 3326; x_wconf 85' lang='grc' dir='ltr'><strong><em>ς</em></strong></span> <span class='ocrx_word' id='word_1_377' title='bbox 1983 3271 2032 3314; x_wconf 88' lang='grc'>11</span> <span class='ocrx_word' id='word_1_378' title='bbox 2047 3269 2200 3327; x_wconf 87' lang='lat' dir='ltr'>caput]</span> <span class='ocrx_word' id='word_1_379' title='bbox 2220 3282 2279 3326; x_wconf 80' lang='lat' dir='ltr'>ap</span> <span class='ocrx_word' id='word_1_380' title='bbox 2293 3268 2330 3312; x_wconf 92' lang='lat' dir='ltr'><strong><em>V</em></strong></span> <span class='ocrx_word' id='word_1_381' title='bbox 2476 3320 2482 3329; x_wconf 25' lang='grc'>,-</span> 
     </span>
     <span class='ocr_line' id='line_1_37' title="bbox 392 3335 2486 3404; baseline -0 -16"><span class='ocrx_word' id='word_1_382' title='bbox 392 3346 442 3389; x_wconf 90' lang='grc'>14</span> <span class='ocrx_word' id='word_1_383' title='bbox 464 3359 579 3401; x_wconf 85' lang='lat' dir='ltr'>corp.</span> <span class='ocrx_word' id='word_1_384' title='bbox 604 3360 682 3389; x_wconf 81' lang='lat' dir='ltr'>om.</span> <span class='ocrx_word' id='word_1_385' title='bbox 705 3347 744 3389; x_wconf 93' lang='lat' dir='ltr'><strong><em>V</em></strong></span> <span class='ocrx_word' id='word_1_386' title='bbox 826 3335 903 3404; x_wconf 59' lang='lat' dir='ltr'>{ip-i</span> <span class='ocrx_word' id='word_1_387' title='bbox 922 3346 1032 3403; x_wconf 80' lang='lat' dir='ltr'>prof.</span> <span class='ocrx_word' id='word_1_388' title='bbox 1059 3348 1099 3391; x_wconf 89' lang='lat' dir='ltr'><em>U</em></span> <span class='ocrx_word' id='word_1_389' title='bbox 1175 3346 1227 3390; x_wconf 88' lang='lat'>16</span> <span class='ocrx_word' id='word_1_390' title='bbox 1247 3347 1367 3390; x_wconf 90' lang='lat' dir='ltr'>enim</span> <span class='ocrx_word' id='word_1_391' title='bbox 1388 3361 1466 3391; x_wconf 84' lang='lat' dir='ltr'>om.</span> <span class='ocrx_word' id='word_1_392' title='bbox 1491 3347 1531 3390; x_wconf 92' lang='lat' dir='ltr'><strong><em>V</em></strong></span> <span class='ocrx_word' id='word_1_393' title='bbox 1615 3359 1766 3390; x_wconf 89' lang='lat' dir='ltr'>omnes</span> <span class='ocrx_word' id='word_1_394' title='bbox 1787 3358 1866 3390; x_wconf 87' lang='lat' dir='ltr'>om.</span> <span class='ocrx_word' id='word_1_395' title='bbox 1890 3344 1930 3388; x_wconf 93' lang='lat' dir='ltr'><strong><em>V</em></strong></span> <span class='ocrx_word' id='word_1_396' title='bbox 2015 3344 2070 3388; x_wconf 88' lang='grc'>19</span> <span class='ocrx_word' id='word_1_397' title='bbox 2088 3347 2275 3400; x_wconf 88' lang='lat' dir='ltr'>possunt</span> <span class='ocrx_word' id='word_1_398' title='bbox 2294 3342 2334 3387; x_wconf 93' lang='lat' dir='ltr'><strong><em>V</em></strong></span> <span class='ocrx_word' id='word_1_399' title='bbox 2474 3340 2486 3395; x_wconf 85' lang='grc' dir='ltr'>Ξ.</span> 
     </span>
     <span class='ocr_line' id='line_1_38' title="bbox 389 3408 2486 3482; baseline 0 -23"><span class='ocrx_word' id='word_1_400' title='bbox 389 3419 438 3460; x_wconf 84' lang='grc'>21</span> <span class='ocrx_word' id='word_1_401' title='bbox 462 3419 558 3475; x_wconf 84' lang='grc'><strong>1100]</strong></span> <span class='ocrx_word' id='word_1_402' title='bbox 580 3433 632 3462; x_wconf 87' lang='grc'>110</span> <span class='ocrx_word' id='word_1_403' title='bbox 659 3421 698 3464; x_wconf 93' lang='lat' dir='ltr'><strong><em>U</em></strong></span> <span class='ocrx_word' id='word_1_404' title='bbox 701 3421 839 3476; x_wconf 64' lang='lat' dir='ltr'>,me</span> <span class='ocrx_word' id='word_1_405' title='bbox 973 3421 1024 3465; x_wconf 87' lang='grc'>23</span> <span class='ocrx_word' id='word_1_406' title='bbox 1054 3423 1203 3465; x_wconf 88' lang='lat' dir='ltr'>noster</span> <span class='ocrx_word' id='word_1_407' title='bbox 1220 3420 1354 3464; x_wconf 89' lang='lat' dir='ltr'>simul</span> <span class='ocrx_word' id='word_1_408' title='bbox 1375 3435 1399 3475; x_wconf 87' lang='grc' dir='ltr'><em>ς</em></span> <span class='ocrx_word' id='word_1_409' title='bbox 1514 3421 1587 3463; x_wconf 71' lang='grc'>24</span> <span class='ocrx_word' id='word_1_410' title='bbox 1606 3419 1772 3465; x_wconf 82' lang='lat' dir='ltr'>uirtute</span> <span class='ocrx_word' id='word_1_411' title='bbox 1793 3408 1874 3476; x_wconf 53' lang='grc' dir='ltr'><strong><em>ᾗ</em></strong></span> <span class='ocrx_word' id='word_1_412' title='bbox 1893 3432 1923 3461; x_wconf 82' lang='lat' dir='ltr'>u</span> <span class='ocrx_word' id='word_1_413' title='bbox 2027 3421 2288 3475; x_wconf 82' lang='lat' dir='ltr'>praeparato</span> <span class='ocrx_word' id='word_1_414' title='bbox 2307 3430 2338 3460; x_wconf 80' lang='lat' dir='ltr'>u</span> <span class='ocrx_word' id='word_1_415' title='bbox 2474 3415 2486 3482; x_wconf 65' lang='grc' dir='ltr'>ξ</span> 
     </span>
     <span class='ocr_line' id='line_1_39' title="bbox 388 3483 2483 3555; baseline 0 -22"><span class='ocrx_word' id='word_1_416' title='bbox 388 3492 440 3533; x_wconf 81' lang='grc'>25</span> <span class='ocrx_word' id='word_1_417' title='bbox 463 3493 698 3537; x_wconf 86' lang='lat' dir='ltr'>suscitabit</span> <span class='ocrx_word' id='word_1_418' title='bbox 717 3509 741 3548; x_wconf 80' lang='grc' dir='ltr'><em>ς</em></span> <span class='ocrx_word' id='word_1_419' title='bbox 837 3494 1000 3551; x_wconf 88' lang='lat' dir='ltr'>periret</span> <span class='ocrx_word' id='word_1_420' title='bbox 1021 3495 1060 3538; x_wconf 93' lang='lat' dir='ltr'><strong><em>V</em></strong></span> <span class='ocrx_word' id='word_1_421' title='bbox 1080 3498 1262 3551; x_wconf 88' lang='lat' dir='ltr'>pereant</span> <span class='ocrx_word' id='word_1_422' title='bbox 1283 3509 1307 3548; x_wconf 83' lang='grc' dir='ltr'><strong><em>ς</em></strong></span> <span class='ocrx_word' id='word_1_423' title='bbox 1395 3493 1448 3538; x_wconf 90' lang='grc'>26</span> <span class='ocrx_word' id='word_1_424' title='bbox 1461 3494 1656 3550; x_wconf 89' lang='lat' dir='ltr'>ipsorum</span> <span class='ocrx_word' id='word_1_425' title='bbox 1675 3507 1705 3537; x_wconf 83' lang='lat' dir='ltr'>u</span> <span class='ocrx_word' id='word_1_426' title='bbox 1725 3507 1803 3550; x_wconf 90' lang='lat' dir='ltr'>pro</span> <span class='ocrx_word' id='word_1_427' title='bbox 1822 3492 1998 3537; x_wconf 89' lang='lat' dir='ltr'>illorum</span> <span class='ocrx_word' id='word_1_428' title='bbox 2019 3506 2044 3547; x_wconf 85' lang='grc' dir='ltr'><strong><em>ς</em></strong></span> <span class='ocrx_word' id='word_1_429' title='bbox 2117 3491 2330 3536; x_wconf 87' lang='lat' dir='ltr'>incorr.—</span> <span class='ocrx_word' id='word_1_430' title='bbox 2437 3545 2448 3555; x_wconf 90' lang='lat'>.</span> <span class='ocrx_word' id='word_1_431' title='bbox 2472 3483 2483 3540; x_wconf 66' lang='grc' dir='ltr'><em>ἱ</em></span> 
     </span>
     <span class='ocr_line' id='line_1_40' title="bbox 389 3544 2482 3625; baseline 0 -18"><span class='ocrx_word' id='word_1_432' title='bbox 389 3570 570 3608; x_wconf 86' lang='lat' dir='ltr'>mortem</span> <span class='ocrx_word' id='word_1_433' title='bbox 594 3580 669 3610; x_wconf 82' lang='lat' dir='ltr'>om.</span> <span class='ocrx_word' id='word_1_434' title='bbox 696 3582 725 3610; x_wconf 79' lang='lat' dir='ltr'>u</span> <span class='ocrx_word' id='word_1_435' title='bbox 802 3572 1014 3625; x_wconf 74' lang='lat' dir='ltr'>perpetua</span> <span class='ocrx_word' id='word_1_436' title='bbox 1037 3569 1075 3612; x_wconf 92' lang='lat' dir='ltr'><em>T</em></span> <span class='ocrx_word' id='word_1_437' title='bbox 1132 3568 1182 3612; x_wconf 84' lang='grc'>27</span> <span class='ocrx_word' id='word_1_438' title='bbox 1206 3567 1460 3624; x_wconf 84' lang='lat' dir='ltr'>pasionibus</span> <span class='ocrx_word' id='word_1_439' title='bbox 1481 3568 1578 3623; x_wconf 73' lang='lat' dir='ltr'>(sic)</span> <span class='ocrx_word' id='word_1_440' title='bbox 1603 3569 1642 3612; x_wconf 90' lang='lat' dir='ltr'><strong><em>U</em></strong></span> <span class='ocrx_word' id='word_1_441' title='bbox 1711 3567 1934 3612; x_wconf 89' lang='lat' dir='ltr'>dominica</span> <span class='ocrx_word' id='word_1_442' title='bbox 1955 3567 1997 3610; x_wconf 93' lang='lat' dir='ltr'><strong><em>U</em></strong></span> <span class='ocrx_word' id='word_1_443' title='bbox 2063 3565 2116 3610; x_wconf 88' lang='grc'>28</span> <span class='ocrx_word' id='word_1_444' title='bbox 2138 3564 2201 3623; x_wconf 90' lang='lat' dir='ltr'>et]</span> <span class='ocrx_word' id='word_1_445' title='bbox 2221 3569 2274 3610; x_wconf 93' lang='lat' dir='ltr'>ut</span> <span class='ocrx_word' id='word_1_446' title='bbox 2292 3565 2332 3608; x_wconf 93' lang='lat' dir='ltr'><strong><em>V</em></strong></span> <span class='ocrx_word' id='word_1_447' title='bbox 2468 3544 2482 3573; x_wconf 39' lang='grc' dir='ltr'>ἐ</span> 
     </span>
    </p>
   </div>
   <div class='ocr_carea' id='block_1_5' title="bbox 2471 0 2528 4186">
    <p class='ocr_par' dir='ltr' id='par_1_5' title="bbox 2471 0 2528 4186">
     <span class='ocr_line' id='line_1_41' title="bbox 2471 0 2528 4186; baseline 0 0"><span class='ocrx_word' id='word_1_448' title='bbox 2471 0 2528 4186; x_wconf 95' lang='lat' dir='ltr'>   </span> 
     </span>
    </p>
   </div>
   <div class='ocr_carea' id='block_1_6' title="bbox 2468 3122 2491 3252">
    <p class='ocr_par' dir='ltr' id='par_1_6' title="bbox 2468 3122 2491 3252">
     <span class='ocr_line' id='line_1_42' title="bbox 2468 3122 2491 3210; baseline 0 0"><span class='ocrx_word' id='word_1_449' title='bbox 2468 3122 2491 3210; x_wconf 52' lang='grc'>,1</span> 
     </span>
     <span class='ocr_line' id='line_1_43' title="bbox 2472 3210 2489 3252; baseline 0 0"><span class='ocrx_word' id='word_1_450' title='bbox 2472 3210 2489 3252; x_wconf 64' lang='lat' dir='ltr'><em>A</em></span> 
     </span>
    </p>
   </div>
  </div>
 </body>
</html>
